1619 2759
784 119 830 156 91

222 232 412 269 Alludens
451 233 501 269 ad
540 233 805 270 carbonarium
842 233 1035 282 opificium
1078 233 1320 281 Dicaeopolis
1358 241 1448 281 post

169 306 474 343 Acharnicorum
501 320 636 343 senum
664 308 786 344 minas
815 307 914 344 Ach.
945 321 999 343 vs⁴
1034 317 1103 354 321
1138 308 1350 344 exclamat:

327 380 394 417 οἷον
421 380 470 417 αὖ
498 383 617 428 μέλας
645 395 698 423 τις
728 383 812 429 ὑμῖν
839 380 1020 428 θυμάλωψ
1049 380 1226 430 ἐπέζεσεν.

167 455 290 503 qualis
336 455 453 504 fuligo
494 456 709 493 iracundiae
752 458 788 493 in
826 456 936 493 vobis
974 457 1192 494 effervescit.
1237 457 1308 506 (Cf.
1352 457 1445 494 Eur.

169 531 318 568 Hecub.
350 531 455 579 583.)

221 650 366 687 Eccles.
391 663 435 686 vs
464 642 541 687 826
564 651 709 698 tropice
724 651 881 688 dicitur:
906 663 993 688 cum
1011 653 1271 700 unusquisque
1286 649 1444 700 exspec-

168 731 267 761 taret
297 725 442 761 lucrum
474 725 552 761 fore
584 725 811 773 reipublicae
843 738 893 761 ex
925 726 1081 772 tributo,
1114 726 1219 773 quod
1244 726 1445 774 Euripides

167 800 406 847 excogitarat
415 829 423 844 ,

379 872 475 915 εὐθυς
502 876 729 924 κατεχρύσου
759 876 828 915 ποῖς
857 873 943 924 ἀνὴρ
980 874 1181 924 Εὐριπίδην,

167 952 254 977 cum
283 946 413 977 autem
442 941 543 978 cives
566 940 639 978 hac
666 953 735 989 spe
762 941 1076 986 destituerentur,

367 1007 488 1044 ,πάλιν
514 1010 737 1045 κατεπίττου
767 1011 838 1050 πᾶς
866 1007 953 1059 ἀνὴρ
981 1008 1182 1059 Εὐριπίδην.

220 1104 436 1141 Mercatura
458 1110 534 1141 tres
558 1105 674 1141 modo
698 1105 945 1153 metaphoras
969 1111 1100 1142 nostro
1119 1106 1321 1153 suggessit,
1346 1117 1445 1153 quae

171 1190 305 1214 omnes
334 1183 537 1215 occurrunt
565 1179 602 1214 in
631 1178 757 1215 fabula
783 1179 991 1217 Ranarum.
1020 1180 1088 1216 Vs.
1118 1180 1193 1225 858
1223 1180 1378 1215 dicitur:

707 1253 930 1304 λοιδορεῖσθαι
958 1255 989 1290 δ’
1019 1254 1056 1291 οὐ
1084 1253 1181 1301 θέμις

434 1321 565 1370 ἄνδρας
603 1320 750 1365 ποιητάς
779 1323 895 1370 ὥσπερ
923 1320 1181 1370 ἀρτοπώλιδας,

169 1395 291 1443 Apud
320 1395 488 1432 Graecos
514 1394 583 1437 τοὶς
607 1393 854 1445 ἀρτοπώλιδας
882 1395 1016 1432 eadem
1046 1395 1146 1432 fama
1174 1408 1261 1432 usas
1291 1409 1373 1432 esse
1401 1408 1446 1432 ac

167 1476 317 1507 nostras
341 1470 516 1506 mulieres
537 1470 759 1518 piscatorias
782 1476 841 1513 est
865 1476 1011 1507 notum.
1037 1470 1135 1508 Cum
1156 1477 1315 1518 uterque
1330 1479 1446 1519 poeta

166 1544 321 1581 ridicula
385 1544 564 1592 exempla
624 1544 777 1581 alterius
826 1557 987 1592 poeseos
1034 1545 1198 1590 dederit,
1249 1545 1445 1593 Dionysus

172 1631 226 1655 vs.
263 1618 362 1665 1364
389 1618 515 1655 iubet:
1220 1609 1224 1611 ¹

312 1691 514 1730 παύσασθον
542 1693 605 1737 ἤδη
634 1696 704 1729 τῶν
727 1696 859 1739 μελῶν.
888 1693 1030 1730 Aesch.
1061 1693 1214 1740 κᾶμοιγ’
1244 1694 1337 1744 ἅλις.

313 1759 368 1795 ἐπὶ
396 1759 457 1795 τὸν
482 1758 645 1805 σταθμὸν
671 1758 748 1808 γάρ
777 1759 886 1795 αὑτὸν
915 1758 1080 1805 ἀγαγεῖν
1108 1760 1310 1807 βούλομαι,

315 1827 396 1875 ὅπερ
426 1824 615 1871 ἐξελέγξει
643 1825 708 1871 την
733 1827 865 1870 ποίησιν
893 1824 958 1872 νῷν
986 1829 1102 1873 μόνον·

313 1893 354 1929 τὸ
381 1891 457 1942 γάρ
487 1891 598 1942 βάρος
627 1895 691 1938 νῷν
719 1892 895 1940 βασανιεῖ
913 1897 983 1930 τῶν
1009 1894 1196 1943 ρἠμάτων.

167 1960 281 1997 Dion.
311 1961 363 1996 ίτε
391 1960 491 2010 δεῦρό
516 1973 596 2003 νυν,
625 1960 718 2010 εἴπερ
746 1973 794 2006 γε
822 1960 881 1997 δεῖ
899 1962 961 1997 καὶ
989 1962 1098 1998 τοῦτο’
1124 1975 1172 2008 με

313 2026 446 2077 ἀνδρῶν
473 2030 622 2072 ποιητῶν
648 2030 892 2078 τυροπωλῆσαι
919 2029 1066 2075 τέχνην.

168 2110 380 2158 „siquidem
405 2108 496 2146 mihi
521 2114 723 2158 poetarum
747 2121 808 2146 ars
829 2114 1028 2158 tamquam
1044 2123 1178 2147 caseus
1191 2111 1437 2159 ponderanda

168 2184 264 2221 est.'’
300 2185 489 2232 Utrinque
529 2189 712 2221 stateram
742 2183 984 2232 prehendunt
1014 2197 1059 2221 ac
1085 2185 1262 2233 Dionyso
1290 2186 1445 2223 iubente

168 2259 321 2297 alternis
348 2259 493 2295 vicibus
521 2271 611 2295 suos
638 2259 808 2306 ipsorum
835 2270 967 2294 versus
995 2259 1167 2296 recitant.

167 2336 260 2373 Eur.
333 2334 391 2371 εἴθ’
420 2333 533 2381 ὤφελ’
563 2333 729 2384 Ἀργοῦς
756 2334 809 2381 μ’),
836 2333 1052 2371 διαπτάσθαι
1080 2334 1224 2381 σκάφος

168 2402 311 2440 Aesch.
328 2400 505 2453 Σπερχειὲ
535 2401 679 2449 ποταμὲ
708 2401 874 2449 βουνόμοι
900 2400 934 2439 τ’
965 2400 1182 2452 ἐπιστροφαί
