1619 2759
768 153 813 192 55

160 261 285 298 solum
320 262 499 299 omnibus
537 263 661 299 modis
697 268 767 299 vos
803 264 959 312 capiunt
995 276 1041 301 ac
1067 270 1198 301 assant
1225 265 1293 301 sed
1320 266 1436 302 etiam

160 338 219 378 ius
246 337 453 376 conficiunt

476 400 635 438 κᾶπειτα
661 400 935 437 κατεσκέδασαν
961 399 1086 450 θερμὸν

479 465 584 504 τοῦτο
611 465 690 504 καθ’
721 468 820 514 ὑμῶν

478 536 573 571 αὔων
600 537 713 585 ὥσπερ
741 535 955 585 κενεβρείων.

161 621 207 645 ac
233 609 369 646 deinde
395 609 518 646 calido
540 609 614 647 hoc
637 610 716 647 iure
739 618 809 647 v‘os
822 617 1079 659 conspergunt
1094 617 1292 660 tamquam
1307 624 1440 648 carnes

162 682 417 720 morticinas.'‘
447 684 486 732 (i.
503 689 804 721 e.*mortuorum
828 685 1065 735 animalium)
1080 687 1267 723 Videmus
1281 687 1440 734 antiquo

161 762 335 805 tempore
362 770 507 805 coquos
534 758 690 806 collegis
711 759 789 795 suis
811 758 923 795 huius
945 761 1128 807 temporis
1151 773 1228 796 non
1242 760 1441 797 dissimiles

163 831 287 868 fuisse.
317 832 458 880 Aeque
484 832 674 870 callebant
701 833 948 870 subrancidas
976 846 1108 871 carnes
1136 835 1216 871 iure
1238 835 1337 871 bene
1351 847 1440 872 con-

162 905 244 942 dito
271 912 450 955 acceptas
478 907 636 944 reddere
663 908 912 944 convivarum
940 908 1082 956 palato,

215 981 296 1018 Av.
336 993 390 1018 vs.
420 980 496 1029 673
537 982 764 1030 Euelpides,
806 988 1014 1031 postquam
1050 982 1279 1029 Philomela,
1321 983 1441 1020 dulcis

162 1056 290 1104 puella
317 1057 397 1093 eius
425 1062 563 1105 rogatu
590 1058 787 1106 apparuit,
817 1057 1043 1096 confitetur:

374 1132 448 1177 ἐγὼ
476 1131 545 1178 μὲν
572 1131 686 1177 αὐτὴν
714 1131 782 1168 κᾶν
810 1131 963 1178 φιλῆσαι
991 1146 1052 1178 μοι
1076 1133 1176 1169 δοκῶ.

163 1206 375 1254 Equidem,
405 1207 561 1254 opinor,
592 1207 625 1243 ei
653 1206 828 1243 osculum
858 1219 933 1243 non
962 1206 1053 1243 dare
1081 1218 1242 1254 nequeo,

243 1281 340 1340 Pithx.
378 1280 478 1325 ἀλλ’,
508 1280 534 1318 ὦ
561 1281 798 1328 κακόδαιμον,
827 1283 968 1332 ῥύγχος
996 1280 1191 1329 ὀβελίσκοιν
1218 1283 1309 1328 ἔχει.

165 1364 241 1402 Sed
269 1378 293 1401 o
321 1365 548 1410 miserrime,
577 1369 743 1401 rostrum
777 1363 897 1401 habet
928 1364 1094 1401 duorum
1124 1376 1284 1400 veruum
1312 1364 1441 1402 instar.

164 1443 268 1479 Tum
295 1440 409 1477 alter:

376 1512 462 1550 ἀλλ’
491 1515 604 1563 ὥσπερ
631 1513 695 1558 ᾠὸν
723 1514 762 1558 νὴ
792 1513 860 1549 Δί’
890 1513 1135 1559 ἀπολέψαντα
1162 1514 1234 1562 χρὴ

377 1579 447 1617 ἀπὸ
476 1583 540 1626 τῆς
567 1578 734 1626 κεφαλῆς
762 1580 803 1617 τὸ
830 1581 964 1627 λέμμα
993 1578 1072 1625 κᾷθ’
1101 1580 1192 1616 οὕτω
1218 1577 1349 1625 φιλεῖν.

167 1695 225 1731 At
252 1694 376 1731 hercle
404 1698 574 1742 oportet,
603 1698 803 1740 tamquam
839 1692 889 1728 ab
926 1704 1002 1728 ovo
1041 1691 1249 1740 deglubere
1284 1691 1335 1727 ab
1363 1691 1444 1727 eius

166 1770 291 1817 capite
318 1774 504 1816 putamen
531 1780 577 1805 ac
603 1768 741 1804 deinde
768 1768 940 1805 osculari.

167 1844 325 1894 „Durch
362 1844 422 1882 die
457 1844 642 1893 Begierde
679 1844 746 1880 des
787 1842 994 1892 Euelpides
1035 1841 1134 1879 nach
1175 1842 1298 1879 einem
1339 1841 1445 1877 Kuss

168 1922 273 1967 wird,
289 1922 359 1957 wie
373 1933 414 1957 es
428 1920 587 1966 scheint,
602 1920 663 1956 die
676 1920 863 1968 passende
879 1918 1130 1967 Gelegenheit
1151 1931 1218 1955 zur
1232 1918 1445 1965 Ablegung

111 1991 115 1994 ⁴
167 1996 235 2032 des
270 1994 481 2033 Schnabels
522 1995 592 2032 mit
628 1994 696 2031 der
729 1994 990 2042 Vogelmaske
1026 1992 1263 2042 eingeleitet,
1302 1991 1445 2028 welche

168 2071 228 2107 die
256 2071 358 2107 Frau
387 2068 592 2117 Nachtigal
620 2069 681 2105 bei
708 2069 828 2106 ihrem
856 2048 1090 2117 Fletenspie'l
1117 2068 1189 2116 (vs.
1218 2066 1312 2117 679)
1340 2066 1445 2104 nicht

169 2144 363 2181 brauchen
391 2142 534 2180 kann.'’
568 2142 743 2194 (KOCK.)

221 2219 376 2258 Thesm.
404 2231 458 2255 vs.
482 2228 579 2266 1192
607 2217 756 2266 Scytha
784 2218 893 2255 nobis
921 2218 997 2254 iam
1026 2222 1152 2262 notus,
1177 2228 1294 2264 quem
1319 2216 1445 2264 puella

168 2308 223 2333 vs.
260 2296 358 2333 1180
383 2306 471 2332 cum
499 2293 623 2342 pulice
649 2298 872 2342 comparata
900 2291 1111 2337 osculatur,
1141 2291 1354 2328 exclamat:

327 2370 372 2412 ὠς
399 2369 552 2420 γλυκερὸ
580 2369 621 2407 τὸ
649 2367 800 2415 γλῶσσ’,
828 2371 940 2417 ὥσπερ
968 2365 1145 2408 Ἀττικὸς
1173 2367 1289 2414 μέλις.

169 2458 288 2495 quam
315 2446 434 2483 dulcis
461 2445 610 2494 lingua,
640 2444 758 2482 veluti
786 2444 860 2481 mel
889 2443 1079 2481 Atticum.
