1619 2759
784 115 832 161 83

168 237 385 275 ficationem
407 238 510 274 nullo
525 237 642 275 modo
656 243 786 287 potest
799 237 941 276 habere
955 245 1043 289 post
1058 239 1195 277 verba:
1211 238 1444 291 ἀποστρέψας

164 312 225 349 τὸν
247 311 355 359 ὦμον.
387 312 480 349 Mihi
514 312 590 349 fere
618 312 831 361 significare
856 315 1025 352 videtur:
1054 327 1099 352 ac
1127 327 1215 352 eum
1243 328 1345 364 genu
1375 317 1443 352 im-

164 387 292 434 posito
318 392 404 424 toto
431 392 501 425 tuo
528 399 644 424 onere
669 387 861 436 deprimis.

216 460 315 498 Cum
353 460 472 498 Cleon
508 461 545 497 in
582 460 709 498 fabula
743 461 933 510 Equitum
967 462 1157 499 adulando
1185 463 1255 499 sibi
1282 462 1441 500 chorum

164 534 363 571 conciliare
376 541 548 581 conatur,
562 535 623 572 hic
638 548 714 582 non
727 535 934 584 decipitur:
951 549 1007 573 vs,
1022 536 1099 584 269
1113 538 1213 573 enim
1228 537 1441 574 exclamat:

217 611 262 651 ὡς
289 610 320 646 δ’
349 608 520 657 ἀλαζὼν,
548 611 593 651 ὡς
619 610 658 646 δὲ
686 609 862 657 μάσθλης·
891 610 979 652 εἶδες
1006 610 1054 647 οῖ’
1084 612 1284 661 ὑπέρχεται

218 677 366 727 ὡσπερεὶ
390 677 569 727 γέροντας
596 678 695 724 ἡμᾶς
722 675 1091 725 κάκκοβαλικεύεται;

218 743 304 781 ἀλλ’
334 744 397 782 εὀὶν
424 746 544 792 ταύτῃ
571 759 619 792 γε
648 747 748 791 νικᾷ,
778 747 912 793 ταυτῃὶ
937 746 1174 792 πεπλήξεται·

217 810 257 856 ἢν
285 810 315 848 δ’
344 812 532 859 ὑπεκκλίνῃ
560 825 607 858 γε
636 812 748 862 δευρὶ,
777 812 819 849 τὸ
846 813 970 854 σκέλος
997 812 1203 862 κυρηβάσει.
1249 856 1252 861 4

161 899 231 923 nos
267 887 447 924 deludere
482 893 660 929 conatur,
697 887 765 924 sed
792 887 822 923 si
849 887 922 924 hac
949 888 1096 925 ratione
1124 888 1274 933 vicerit,
1303 889 1437 925 eadem

160 962 338 1008 ferietur,·
373 963 403 999 si
439 974 530 999 vero
566 962 641 1000 huc
675 962 936 1009 declinaverit,
975 963 1011 999 in
1051 975 1181 1000 meum
1209 976 1294 1001 crus
1321 969 1438 1012 caput

160 1038 350 1086 infringet.
400 1037 614 1087 κυρηβάζειιι
659 1044 718 1075 est
754 1039 933 1091 verbum,
971 1039 1076 1086 quod
1112 1040 1148 1075 in
1187 1052 1257 1076 usu
1295 1046 1354 1076 est
1390 1040 1439 1075 de

161 1113 298 1150 ictibus
327 1124 540 1161 caprorum.

210 1188 284 1236 Eq.
309 1200 363 1225 VS.
395 1189 467 1235 387
492 1187 631 1224 chorus
654 1186 897 1232 botularium,
926 1192 1183 1235 pugnatorem
1219 1199 1332 1223 suum
1361 1187 1434 1224 hoc

162 1262 278 1299 modo
307 1262 458 1299 incitat:

791 1312 878 1351 ἀλλ’
913 1312 999 1351 ἔπιθι
1025 1315 1089 1350 καὶ
1113 1313 1277 1364 στρόβει,

316 1382 428 1429 μηδὲν
455 1381 578 1427 ὀλίγον
604 1383 702 1417 ποίει.
730 1382 789 1428 νῦν
817 1380 893 1431 wip
921 1372 1053 1428 ἔχἐται
1081 1382 1200 1427 μέσος·

316 1450 361 1491 ὡς
392 1448 455 1486 ἐοὶν
488 1450 561 1485 νυνὶ
585 1449 762 1495 μαλάξῃς
791 1447 900 1485 αὑτὸν
929 1447 964 1484 ἐν
989 1449 1034 1494 τῇ
1061 1445 1257 1497 προσβολῇ,

314 1522 426 1559 δειλὸν
454 1523 617 1572 εὑρήσεις·

157 1598 304 1635 medius
339 1603 501 1642 tenetur,
540 1597 571 1632 si
607 1608 708 1632 nunc
747 1607 835 1632 eum
875 1595 1020 1642 impetu
1058 1600 1127 1631 tuo
1162 1594 1427 1640 debilitaveris,

155 1664 339 1720 ignavum
366 1672 539 1720 reperies.
569 1671 861 1719 Unusquisque,
890 1670 1087 1706 minimam
1115 1669 1232 1706 modo
1260 1670 1430 1707 luctandi

155 1747 430 1794 experientiam
469 1746 628 1789 habeat,
682 1751 812 1791 actum
855 1756 939 1780 esse
984 1745 1055 1781 scit
1099 1744 1148 1780 de
1193 1745 1275 1789 illo,
1323 1746 1430 1781 cuius

155 1820 324 1857 medium
351 1831 490 1869 corpus
517 1819 753 1856 adversarius
781 1818 1046 1866 amplectatur.

207 1896 272 1933 Ex
311 1896 416 1932 Nub.
457 1908 512 1932 VS.
561 1903 658 1941 1047
701 1906 856 1942 quoque
895 1894 969 1930 hoc
1006 1894 1150 1930 discere
1185 1895 1328 1941 possis,
1367 1894 1430 1930 ubi

153 1953 443 2018 argumentator
470 1970 630 2007 iniustus
658 1968 918 2005 adversarium
943 1969 997 2005 ita
1024 1967 1256 2016 interpellat:

234 2045 394 2092 ἐπίσχες·
423 2044 520 2086 εὐθύς
546 2044 623 2094 γάρ
651 2056 691 2080 σε
718 2044 828 2090 μέσον
856 2045 933 2089 ἔχω
956 2028 1087 2090 ’λαβὼν
1115 2043 1296 2088 ἄφυκτον.

206 2119 309 2156 Nub.
352 2131 407 2156 vs.
442 2118 515 2156 126
556 2116 794 2166 Strepsiades
829 2122 1035 2166 postquam
1077 2116 1180 2165 apud
1223 2116 1340 2153 filium
1379 2119 1429 2154 nil

151 2192 285 2239 effecit,
313 2205 355 2230 se
381 2193 434 2230 ita
459 2182 697 2230 consolatur:

366 2258 452 2297 ἀλλ’
481 2258 552 2297 οὐδ’
581 2260 655 2306 ἐγὼ
683 2260 806 2306 μέντοι
831 2258 944 2296 πεσών
971 2271 1018 2304 γε
1045 2259 1221 2304 κείσομαι.

206 2333 309 2370 Ante
361 2334 496 2371 initum
539 2333 778 2387 aemulorum
819 2338 1020 2381 poetarum
1058 2337 1253 2369 certamen
1290 2332 1429 2369 chorus

149 2407 248 2446 Ran.
278 2420 332 2445 VS.
359 2409 432 2456 875
468 2409 600 2446 Musas
627 2408 686 2445 his
715 2408 840 2445 verbis
867 2408 1039 2444 invocat:
