1619 2759
777 121 830 159 90

221 237 308 273 Ran
350 250 405 274 vs.
440 235 539 284 1296
576 241 785 284 postquam
820 235 1022 283 Euripides
1058 232 1245 281 Aeschyli
1280 233 1448 269 carmina

167 311 344 347 sublimia
381 312 418 347 in
455 310 655 347 ridiculum
682 310 863 355 detorsit,
901 310 1041 346 arbiter
1077 309 1275 356 Dionysus
1312 313 1446 355 rogat:

222 402 260 436 τί
283 399 324 436 τὸ
352 397 596 449 φλαττοθρατ
624 398 724 435 τοῦτ’
756 397 871 443 ἐστίνς
900 402 939 435 ὲκ
968 396 1198 448 Μαραθῶνος
1228 396 1247 441 ἥ

222 473 322 512 ποθεν
348 475 545 520 συνέλεξας
574 468 843 523 ἱμοιὶιοστρόφου
872 473 991 520 μέλης

168 572 210 608 In
239 571 476 608 Marathonis
503 551 571 607 ora
596 570 782 619 paludosa
820 570 941 607 multa
969 571 1165 608 crescebat
1185 569 1326 616 mnam,
1357 570 1447 618 (vid.

171 647 249 683 Av.
276 646 368 694 246)
399 658 450 682 ex
477 658 555 694 qua
583 646 742 682 materia
770 644 878 681 funes
906 645 1196 693 torquebantur,
1226 644 1311 681 ideo
1338 628 1477 696 rogat.-

170 732 262 757 num
313 733 367 758 ex
405 719 634 758 Marathone
675 702 884 768 praelonga
925 732 995 756 sua
1035 720 1204 756 carmina
1244 719 1449 766 collegerit.

169 794 430 841 „Seilerlieder
457 793 605 831 heissen
633 794 701 830 des
727 793 945 841 Aeschylos
970 792 1245 841 Chorgesange
1270 793 1350 830 hier
1363 793 1450 830 des-

171 882 317 918 wegen,
351 869 434 906 weil
467 870 521 906 sie
553 882 623 906 aus
657 867 860 906 unendlich
883 868 1022 916 langen
1051 868 1198 905 Versen
1227 868 1450 913 bestanden,

172 943 352 982 wahrend
393 944 454 980 die
495 944 616 981 Verse
653 943 721 979 der
755 941 1067 991 Euripideischen
1104 942 1199 988 μέλη
1228 942 1339 978 meist
1365 940 1453 977 sehr

171 1019 265 1055 kurz
292 1017 414 1056 sind.''
430 1017 583 1069 (Koclz)
603 1019 812 1055 Vertamus
826 1017 960 1065 igitur:
976 1016 1068 1065 quid
1081 1016 1183 1053 istud
1197 1015 1453 1064 phlattothrat

173 1093 244 1130 sibi
272 1092 379 1130 vult?
407 1093 558 1141 Ecquid
585 1105 636 1129 ex
664 1092 893 1129 Marathone
920 1092 958 1128 id
985 1091 1172 1128 habes—
1191 1096 1327 1139 utpote
1355 1102 1452 1126 unus

173 1180 223 1203 ex
268 1166 647 1204 Marathonomachis
687 1188 740 1194 --
785 1179 834 1203 an
871 1166 1023 1203 aliunde
1059 1166 1202 1202 duxisti
1238 1166 1330 1202 istas
1367 1171 1453 1201 tuas

177 1242 332 1278 naenias
359 1241 524 1279 infinitas
552 1241 724 1278 restiario
752 1253 870 1289 quam
898 1247 1014 1289 poeta
1041 1233 1258 1289 digniores?

224 1309 310 1345 Pac.
324 1321 379 1345 vs.
399 1308 448 1355 36
476 1308 647 1344 merdam
660 1308 850 1344 devorans
865 1308 1095 1345 scarabaeus
1109 1308 1203 1344 scite
1213 1307 1451 1355 depingitur:

479 1395 545 1438 riqiz
571 1393 740 1442 κεφαλήν
766 1409 807 1432 τε
835 1396 899 1432 καὶ
923 1397 974 1432 τὼ
1003 1396 1105 1446 χεῖρέ
1133 1409 1203 1437 πως

332 1471 392 1507 ὡδὶ
420 1470 544 1521 nepai»)
555 1484 621 1513 ων,
650 1468 824 1520 ὥσπεροὶ
848 1470 899 1507 τοὶ
928 1473 1072 1517 σχοινία

333 1545 384 1583 τοὶ
411 1546 543 1593 παχέα
565 1545 846 1593 συμβάλλοντες
875 1545 909 1587 ἐς
937 1545 1006 1588 τοὶς
1033 1545 1204 1587 ὁλκάδας.

173 1642 292 1685 caput
314 1648 360 1673 ac
374 1648 511 1672 manus
527 1636 580 1672 ita
594 1635 892 1680 circumducens,
913 1641 955 1673 ut
970 1636 993 1671 ii
1016 1636 1082 1683 qui
1105 1647 1253 1672 crassos
1275 1635 1455 1671 rudentes

173 1712 411 1749 convolvunt
437 1711 474 1746 in
505 1722 623 1747 naves
650 1710 855 1746 onerarias.

228 1837 327 1874 Cum
356 1835 559 1884 Euripides
582 1835 724 1872 astutia
739 1847 809 1871 sua
823 1846 998 1871 socerum
1019 1846 1130 1871 suum
1146 1834 1303 1870 liberare
1319 1834 1456 1870 frustra

176 1898 338 1947 conatus
367 1915 445 1955 est,
476 1922 552 1945 una
579 1922 628 1946 ex
659 1909 879 1945 mulieribus
905 1908 1062 1945 Thesm.
1092 1920 1146 1945 vs,
1172 1918 1251 1956 934
1279 1908 1389 1944 dicit:

653 2001 691 2046 νὴ
726 2000 809 2043 Δί’,
838 2001 882 2042 ὡς
910 2001 971 2037 νῦν
997 1997 1075 2045 δῆτ’
1105 1997 1193 2050 ἀνὴρ

389 2075 513 2120 ὀλίγου
542 2073 583 2121 μ’
613 2072 782 2120 ἀφείλετ’
811 2074 922 2112 αὐτὸν
955 2072 1191 2124 ἱστιορράφος.

176 2165 225 2202 ad
254 2164 523 2212 explicandam
551 2175 687 2200 vocem
716 2162 960 2214 ἱστιορράφος,
989 2176 1090 2212 quae
1111 2162 1291 2200 hocloco
1315 2163 1456 2211 signifi-

177 2245 258 2276 cat:
302 2239 420 2275 horno
458 2237 582 2285 vafer,
613 2237 817 2275 scholiasta
845 2244 1026 2276 annotat:
1056 2237 1132 2275 ἐπεὶ
1158 2239 1230 2274 ἄνω
1258 2238 1457 2284 αἰγυπτιά-

160 2313 253 2362 ·ζειν
280 2313 411 2354 αὐτοῦς
441 2311 531 2359 ἔφη,
561 2313 593 2349 οἱ
618 2311 656 2348 δὲ
687 2311 886 2358 Αἰγύπτιοι
912 2315 1075 2350 λινοποιοί
1095 2312 1189 2349 εἰσιν.
1214 2311 1276 2363 (ac
1302 2319 1459 2362 propter

178 2389 361 2426 astutiam
389 2400 500 2425 suam
529 2387 717 2436 infames)
