1619 2759
780 155 829 192 39

219 271 321 307 Tum
348 270 488 308 chorus
514 283 649 320 aspere
682 271 871 308 minatur:

246 347 310 382 καὶ
333 347 376 383 σε’
400 345 440 392 γ’
468 345 586 382 αὐτίκ’
616 346 822 393 ἐξολοῦμεν·
850 344 937 383 ἀλλ’
967 346 1066 389 ἅπας
1093 346 1287 397 ἐπίστρεφε

246 420 344 470 δεῦρο
371 420 543 470 κάξείρας
570 419 611 457 τὸ
638 420 780 470 κέντρον
808 419 872 457 εἶτ’
900 419 955 458 ἐπ’
983 421 1094 458 αὐτὸν
1122 422 1211 470 ἵεσο,

246 495 461 540 ξυσταλείς,
490 495 685 537 εὔτακτος,
715 493 823 544 ὀργῆς
849 496 912 531 καὶ
941 496 1067 541 μένους
1096 494 1347 542 ἐμπλημένος,

246 569 290 609 ὡς
317 567 364 604 ὁὲν
391 566 430 604 εὖ
456 568 529 614 εἰδῇ
555 567 597 604 τὸ
625 567 743 604 λοιπὸν
770 570 902 615 σμῆνος
917 567 974 619 (¹)
1002 569 1070 605 οἷον
1096 572 1258 619 ὤργισεν.

219 649 476 686 Heliastarum
503 662 682 698 asperum
709 662 875 687 examen
909 650 970 687 hic
996 651 1207 700 relinquere
1234 664 1443 700 possumus

166 730 204 761 et
230 725 389 762 transire
416 725 465 761 ad
492 724 585 761 alias
612 724 777 774 fabulas,
805 726 842 762 in
869 726 1009 774 quibus
1032 727 1339 775 comparationes
1352 738 1441 764 cum

166 811 368 846 vesparum
395 811 534 846 genere
561 800 818 837 inveniuntur.

218 902 319 940 Ach.
348 916 404 941 vs.
433 903 510 950 864
533 903 776 953 Dicaeopolis
799 904 921 941 malos
945 905 1129 948 tibicines,
1154 906 1221 954 qui
1242 904 1441 943 horrisono

164 985 279 1016 cantu
306 980 387 1016 eius
414 979 528 1016 bilem
556 985 735 1026 movent,
763 979 822 1017 his
850 981 976 1017 verbis
1004 981 1134 1029 fugat:

243 1058 333 1096 παῦ’
364 1060 398 1102 ἐς
425 1062 591 1111 κόρακας,
615 1062 648 1097 οἱ
672 1058 808 1108 σφῆκες
838 1061 900 1098 οὐκ
928 1060 998 1098 ἀπὸ
1027 1065 1098 1098 τῶν
1126 1060 1256 1112 θυρῶν;
1285 1068 1359 1099 cet.

216 1143 258 1179 In
286 1142 492 1180 certamine
520 1142 608 1179 iusti
635 1154 680 1180 ac
707 1143 834 1180 iniusti
863 1143 1025 1180 oratoris
1052 1144 1090 1180 in
1118 1143 1246 1180 fabula
1268 1142 1441 1180 Nubiurn

163 1218 242 1263 hic,
290 1218 406 1255 choro
453 1224 614 1266 rogante
662 1224 746 1255 uter
793 1219 895 1266 prior
935 1219 1105 1256 dicturus
1156 1219 1223 1264 sit,
1265 1230 1323 1274 vs3
1362 1227 1442 1265 940

163 1292 389 1341 respondet:

374 1375 488 1420 τούτῳ
515 1374 624 1411 δώσω·
652 1372 738 1420 κᾷτ’
769 1373 808 1411 ἐκ
836 1375 971 1411 τούτων

374 1449 419 1485 ὧν
446 1448 492 1485 ὁὲν
519 1449 608 1496 λέξῃ

371 1525 594 1573 ῥηματίοισιν
621 1507 761 1565 καινοῖς,
776 1524 886 1560 αὐτὸν

377 1599 441 1634 καὶ
465 1598 632 1640 διανοίαις
659 1599 932 1645 κατατοξεύσω.

376 1673 416 1709 τὸ
444 1677 653 1710 τελευταῖον
680 1674 712 1710 δ’
741 1672 782 1718 ἢν
808 1672 1021 1724 ἀναγρύξιρ,

373 1749 414 1786 τὸ
442 1751 619 1800 πρόσωπον
645 1749 746 1787 ἅπαν
771 1751 835 1787 καὶ
860 1748 1074 1798 τώφθαλμὼ

373 1826 605 1871 κεντούμενος
632 1826 745 1875 ὥσπερ
774 1826 831 1861 ὑπ’
862 1823 1034 1875 ἀνθρηνῶν

374 1900 440 1938 ὑπὸ
467 1903 538 1937 τῶν
565 1904 722 1947 γνωμῶν
749 1899 952 1937 ἀπολεῖται.

215 1973 355 2010 Nonne
391 1976 498 2023 pravi
536 1976 697 2012 oratoris
725 1975 942 2023 malignitas
968 1975 1108 2011 eximie
1135 1974 1239 2011 hisce
1265 1974 1439 2010 versibus

163 2050 412 2098 exprimitur?
439 2050 640 2087 Probabile
668 2056 727 2087 est
753 2056 892 2098 poetae
919 2050 990 2087 hos
1018 2062 1149 2087 versus
1171 2049 1348 2086 scribenti
1362 2049 1439 2085 iam

163 2124 356 2172 sequentis
383 2125 472 2160 anni
498 2124 681 2161 dramatis
707 2130 979 2172 argumentum
1007 2124 1255 2161 obversatum
1283 2124 1410 2161 fuisse.

217 2251 518 2299 Aristophanem
558 2263 689 2288 senem
729 2263 933 2300 vesparum
969 2263 1124 2288 suarum
1161 2263 1238 2287 non
1274 2251 1438 2288 oblitum

202 2400 244 2439 (¹)
266 2400 310 2429 Cf.
333 2401 449 2429 Cratini
468 2400 503 2429 fr.
524 2408 558 2429 2:
581 2430 592 2437 ,

516 2454 568 2485 οἷον
588 2460 716 2494 σοφιστῶν
736 2459 834 2493 σμῆνος
856 2455 1043 2494 dampnate.
