1619 2759
811 153 831 189 3

178 277 266 301 suas
308 266 576 314 excogitabat,
606 277 682 302 non
709 265 897 314 lucifugus
923 265 1061 312 homo,
1090 278 1141 303 ex
1167 266 1270 302 libris
1296 267 1458 314 sapiens,

178 352 254 376 non
291 340 522 388 eruditulus,
560 340 632 377 sibi
667 340 856 377 sufficiens
890 341 1061 390 aliosque
1098 354 1192 378 naso
1220 341 1458 390 suspendens

177 415 346 461 adunco,
384 415 452 452 sed
488 415 741 452 intentissima
776 415 974 452 oculorum
1008 417 1223 464 mentisque
1250 416 1350 463 acie,
1380 428 1459 464 qua

175 490 381 538 plurimum
417 490 591 536 valebat,
628 490 800 538 quotidie
835 491 1172 539 circumspectans,
1202 491 1295 528 dum
1332 503 1459 528 versa-

176 565 290 602 batur
326 566 427 618 inter
465 565 641 602 homines
677 565 801 601 omnis
836 566 973 602 aetatis
1006 571 1045 602 et
1073 565 1241 613 generis,
1271 564 1457 602 infinitam

176 642 328 689 copiam
351 641 582 689 imaginum,
606 653 704 688 quas
727 640 927 677 hominum
946 641 1026 677 vita
1040 640 1243 688 multiplex
1257 646 1296 677 et
1309 641 1457 688 inquies

173 716 211 752 in
250 715 517 753 florentissima
553 715 647 752 urbe
684 714 867 752 Graeciae
894 715 927 751 ei
954 715 1159 762 offerebat,
1195 715 1324 751 animo
1352 726 1457 751 com-

177 792 312 829 bibens
349 798 467 840 atque
494 792 532 828 vi
559 792 710 840 poetica
738 791 922 839 effingens
949 792 985 828 in
1013 791 1325 840 metaphorarum
1351 803 1457 828 com-

177 867 500 914 parationumque
528 865 630 902 illam
659 866 953 911 abundantiam,
982 878 1060 913 qua
1099 865 1342 914 resplendent
1376 866 1457 902 eius

173 954 291 989 opera
306 971 314 987 ‚
351 954 396 978 ae
424 942 646 989 praesertim
681 940 885 978 chororum
913 941 1076 986 cantica,
1107 941 1144 977 in
1172 941 1312 988 quibus
1339 947 1457 988 poeta

177 1028 253 1052 non
281 1017 356 1053 iam
386 1016 527 1064 dialogi
553 1015 712 1052 vinculis
739 1015 944 1053 adstrictus
966 1015 1082 1052 libere
1109 1014 1281 1052 habenas
1302 1015 1455 1063 ingenio

175 1083 367 1129 remittere
403 1097 566 1139 poterat.
605 1091 801 1135 Interdum
833 1091 1026 1136 videlicet,
1057 1091 1122 1127 ubi
1148 1091 1367 1139 tragoediae
1393 1091 1456 1127 vel

175 1166 416 1203 oraculorum
440 1165 642 1202 sublimem
666 1165 812 1214 stylum
835 1166 872 1202 in
895 1166 1093 1202 ridiculum
1107 1165 1322 1214 detorquet,
1337 1171 1455 1214 poeta

177 1241 423 1289 metaphoras
450 1241 538 1278 huic
565 1241 667 1289 stylo
695 1242 868 1289 proprias
896 1241 1020 1288 lepide
1042 1241 1212 1277 imitatur
1234 1253 1279 1277 ac
1292 1241 1453 1278 deridet.
