1619 2759
776 109 828 156 64

218 235 260 271 In
289 234 506 282 fragmento
538 244 612 281 114
639 234 779 283 legitur
805 234 900 272 hoc:

484 309 547 345 καὶ
574 308 816 358 διαστίλβονθ’
845 311 981 361 ὁρῶμεν

484 386 599 437 ὥσπερ
627 384 664 422 ἐν
689 389 798 432 καινῷ
830 388 1027 434 λυχνούχῳ

485 460 609 497 πάντα
637 462 702 506 τῆς
730 459 915 508 ἐξωμίδος.

164 537 282 573 veluti
296 537 334 572 in
350 548 450 572 nova
466 536 631 583 lucerna,
647 536 777 572 omnia
792 548 861 584 per
874 537 1044 573 tunicam
1059 537 1247 585 pellucere
1261 537 1448 582 videmus.

218 611 283 648 Ex
310 610 526 659 fragmento
555 619 633 657 274
659 616 820 659 apparet
844 610 1148 659 Aristophanem
1173 612 1309 648 eodem
1334 624 1446 648 sensu

165 699 210 723 ac
233 698 370 723 vocem
395 683 603 735 λυχνοῦχος
617 698 803 734 usurpare
816 698 973 734 quoque
987 687 1238 724 vocabulum:
1255 687 1449 734 λυχνιδίου.

164 760 295 798 Verba
322 765 413 797 sunt
443 759 560 797 haec:

771 872 775 875 ,
817 834 934 872 Ἀλλ’
964 838 1077 886 ὥσπερ
1105 837 1239 883 λύχνος

404 912 623 958 ,ὁμοιότατα
652 909 837 948 καθεύδετ’
868 910 926 948 ἐπὶ
951 909 1015 948 τοῦ
1042 909 1249 959 λυχνιδίουῷ

166 987 396 1024 Dormiebat
423 987 521 1024 sicut
549 986 783 1041 ellychnium
814 992 923 1023 natat
951 987 987 1023 in
1013 987 1178 1023 lucerna.
1235 1017 1239 1020 .

219 1129 403 1166 Lucernis
438 1128 612 1165 demissis
649 1128 725 1164 iam
757 1128 960 1165 redeamus
989 1130 1025 1165 in
1054 1129 1219 1166 culinam
1249 1135 1288 1166 et
1316 1129 1451 1176 aspici-

166 1216 278 1241 amus
305 1202 592 1252 supellectilem.

165 1280 285 1327 Vesp.
323 1290 380 1314 vs.
424 1285 521 1324 1153
564 1289 705 1322 senex,
743 1282 953 1325 postquam
993 1277 1057 1313 diu
1096 1278 1325 1326 repugnavit
1359 1288 1457 1324 quo-

168 1355 294 1392 minus
329 1366 352 1390 a
389 1352 467 1389 filio
503 1350 690 1389 beneficio
726 1351 932 1397 afficiatur,
963 1352 1120 1390 tandem
1149 1352 1339 1401 patienter
1366 1352 1456 1388 sinit

166 1442 208 1466 se
235 1428 350 1477 pallio
385 1428 505 1464 denso
532 1439 577 1464 ac
606 1427 709 1463 molli
736 1427 981 1471 circumdari,
1012 1427 1170 1475 querula
1199 1433 1328 1463 tamen
1356 1439 1452 1463 voce

166 1505 402 1542 lamentans:

354 1579 447 1628 εἴπερ
475 1577 515 1623 γ’
545 1575 714 1623 ἀνάγκη,
743 1576 911 1626 κρίβανόν
939 1575 981 1623 μ’
1011 1575 1235 1623 ἀμπίσχετε.

168 1654 198 1690 si
226 1653 342 1700 igitur
369 1663 525 1689 necesse
552 1657 631 1699 est,
660 1651 852 1688 fornacem
882 1650 973 1688 mihi
1002 1650 1158 1688 induite.

221 1727 328 1765 Bdel.
376 1725 472 1778 Φέρ’,
506 1725 593 1763 ἀλλ’
624 1725 701 1773 ἐγώ
729 1739 768 1763 σε
796 1726 992 1777 περιβάλω·
1020 1726 1063 1763 σι)
1091 1725 1122 1763 δ’
1152 1724 1210 1763 οὖν
1239 1725 1292 1763 ἴθι.

169 1807 279 1853 Age,
310 1806 392 1853 ipse
427 1804 502 1852 e'go
537 1810 575 1840 te
613 1804 811 1848 amiciam;
851 1809 893 1840 tu
939 1804 1054 1851 igitur
1090 1804 1164 1840 abi.
1205 1801 1337 1852 (servo
1379 1802 1453 1839 hoc

1258 1877 1453 1928 imperat.)

222 1954 304 1991 Phil
371 1952 530 2004 παράθου
558 1967 605 1999 γε
633 1953 757 2000 μέντοι
785 1954 848 1990 καὶ
873 1953 1071 2003 κρεάγραν.

168 2031 340 2078 Appone
367 2028 503 2065 saltem
531 2027 715 2064 fuscinam
743 2039 911 2076 quoque.

1107 2102 1214 2139 Bdel.
1243 2103 1299 2148 τιὴ
1328 2105 1367 2139 τί
1390 2104 1452 2147 δή;

223 2179 316 2217 Phil.
372 2177 413 2216 ἶν’
443 2177 568 2226 ἐξέλῃς
597 2191 646 2224 με
675 2178 752 2228 πρὶν
781 2177 1027 2228 διερρυηκέναι.

170 2255 227 2293 Ut
254 2267 317 2291 me
343 2254 492 2297 eximas
520 2254 743 2302 priusquam
770 2252 963 2301 liquefiam
992 2258 1032 2290 et
1057 2252 1239 2289 diffluam.
1298 2269 1301 2287 :

224 2330 292 2367 Ad
332 2328 534 2378 Sophoclis
574 2333 716 2378 poetae
756 2328 950 2365 clarissimi
1001 2340 1240 2376 cognomen:
1289 2328 1453 2375 μέλιττα

170 2412 302 2444 noster
328 2406 370 2465 iq
393 2405 608 2453 fragmento
638 2414 710 2451 231
743 2417 778 2441 a.
807 2403 865 2440 his
893 2404 1018 2440 verbis
1046 2404 1199 2441 alludit:
