1619 2759
785 101 879 160 69‘

222 237 438 285 Lysistrata
466 237 666 274 mulierum
691 243 846 274 strenua
872 237 970 274 duce
991 250 1046 274 vs,
1069 237 1162 274 1161
1191 238 1271 274 eius
1286 237 1449 283 fabulae,

170 324 270 359 quae
307 324 446 349 nomen
483 312 534 348 ab
571 313 654 360 ipsa
689 313 856 360 accepit,
899 312 1048 360 legatos
1087 311 1383 349 Atheniensium
1411 319 1451 350 et

169 387 368 423 Laconum
396 393 577 435 rogante:

225 464 263 497 τί
285 461 316 497 δ’
345 461 383 498 οὐ
410 462 638 507 διηλλάγητε
648 475 659 506 ;
688 460 797 512 φέρε,
827 465 865 498 τί
890 462 1118 509 τούμποδών;

169 528 319 576 legatus
346 529 673 566 Lacedaemonius
701 529 925 577 respondet:

224 595 319 643 ἁμές
346 610 403 642 γα
430 599 568 643 λῶμες,
597 597 641 632 αἴ
663 609 717 637 τις
746 596 836 643 ἁμῖν
871 599 1080 642 τῶγκυκλον

224 665 268 709 λῇ
296 663 394 699 τὸῦτ’
430 661 622 710 ἀποδόμεν.
651 663 745 710 Lys.
774 667 888 706 ποῖον,
918 663 944 700 ὦ
973 666 1063 708 ταις
1091 664 1183 700 Lac.
1213 663 1284 700 ταν
1312 662 1448 708 Πύλεν,

224 728 336 780 ἇσπερ
378 730 494 767 πάλαι
521 728 675 778 δεόμεθα
704 732 767 767 καὶ
793 730 1059 778 βλιμάδδομες.

170 806 253 842 Nos
304 806 459 854 quidem
512 806 707 851 volumus,
764 806 794 842 si
846 807 931 854 quis
988 806 1097 842 nobis
1150 805 1306 853 pallium
1359 806 1450 842 illud

171 879 397 930 (τῶγκυκλον
447 880 720 916 vestimentum
752 886 854 916 -erat
903 880 1100 925 muliebre)
1141 880 1298 915 reddere
1347 880 1450 916 velit.

170 955 264 1002 Lys.
293 954 505 1003 Quidnam,
534 967 559 990 ο
587 954 714 991 bone?
741 955 831 992 Lac.
861 956 1018 1003 Pylum,
1048 968 1165 1003 quarn
1198 956 1273 991 iam
1300 955 1446 991 dudum

171 1030 297 1078 cupidi
323 1030 555 1078 expetimus.
592 1029 785 1076 (Verbum
814 1028 1024 1077 βλιμαζειν,
1054 1030 1193 1067 Dorice
1221 1029 1448 1077 βλιμάδδειν,
1494 1070 1500 1073 b

173 1104 366 1141 obscoeno
394 1117 506 1141 sensu
537 1104 772 1153 usurpatur.)

223 1210 308 1247 Pac.
340 1222 397 1246 vs.
427 1210 505 1247 686
534 1210 582 1246 de
609 1209 840 1258 Hyperbo'lo
867 1210 960 1246 scite
987 1209 1143 1246 dicitur:

385 1275 567 1334 o’cnopctmuo‘
593 1285 704 1330 δῆμος
733 1283 917 1333 ἐπιτρόπου
944 1286 1006 1320 καὶ
1033 1284 1172 1330 γυμνὸς
1200 1284 1246 1320 ὢν

386 1353 510 1389 τοῦτον
537 1352 624 1394 τέως
653 1351 714 1389 τὸν
736 1352 850 1402 ἄνδρα
879 1350 1129 1402 περιεζώσατο,

171 1439 258 1462 cum
300 1427 465 1474 populus
491 1428 592 1463 enim
622 1427 758 1463 tutoris
786 1427 973 1474 indigeret
999 1439 1045 1463 ac
1072 1427 1197 1463 nudus
1225 1433 1345 1472 esset,
1374 1427 1449 1463 hoc

171 1506 326 1544 homine
353 1521 394 1544 se
419 1509 568 1546 interim
596 1509 772 1546 accinxit.

223 1612 362 1648 Vestes
388 1611 595 1649 Sardianae
621 1613 831 1660 antiquitus
856 1613 1021 1659 insignes
1047 1618 1154 1649 erant
1168 1619 1325 1660 propter
1339 1625 1447 1660 mag-

172 1686 325 1723 nificum
353 1687 556 1735 puniceum
598 1687 765 1724 colorem
806 1687 877 1735 (Cf.
921 1687 1013 1724 Plat.
1057 1699 1155 1724 com.
1201 1687 1320 1736 208.);
1362 1688 1450 1725 inde

171 1762 433 1811 DicaeopoliS,
475 1775 563 1799 cum
601 1763 738 1799 Persici
774 1763 891 1810 legati
926 1768 1044 1810 caput
1079 1762 1216 1799 baculo
1253 1769 1450 1810 percutere

171 1838 356 1883 minatur,
385 1837 532 1887 tropice
559 1838 649 1875 dicit
677 1837 779 1875 Ach.
808 1850 861 1874 vs.
894 1847 986 1874 112:
1016 1838 1187 1884 „Verum
1212 1837 1303 1875 mihi
1328 1851 1450 1884 narra,

383 1915 439 1949 ἱνα
467 1915 518 1959 μή
546 1926 586 1949 σε
613 1913 726 1960 βάψω
754 1912 1187 1962 βάμμα.σαρδιανικον·”

171 1987 270 2024 Cum
320 1987 447 2034 Cyzici
495 1992 626 2024 autem
675 1992 802 2023 vestes
845 1986 951 2023 viridi
998 1986 1124 2023 coiore
1166 1987 1450 2033 tinguerentur,

171 2061 255 2096 Pac.
300 2072 353 2096 vS.
390 2068 486 2106 1172
529 2059 669 2096 chorus
715 2071 791 2095 non
832 2059 943 2095 valde
984 2059 1105 2096 facete
1143 2060 1305 2096 iocatur:
1348 2061 1450 2107 „Odi

171 2134 276 2170 illum
305 2134 462 2171 militem
490 2134 721 2181 gloriosum,

275 2211 367 2258 τρεῖς
394 2206 527 2255 λόφους
555 2210 693 2256 ἔχοντα
720 2210 782 2244 καὶ
809 2206 968 2254 Φοινικίδ’
998 2206 1118 2254 ὀξεῖαν
1147 2208 1262 2251 πάνυ,

276 2275 316 2320 ἣν
345 2274 469 2316 ἐκεῖνός
497 2274 605 2321 φησιν
632 2274 720 2312 εἶναι
747 2275 895 2323 βάμμα
924 2273 1174 2323 Σαρδιανικόν,

276 2341 316 2387 ἣν
344 2343 384 2379 δέ
409 2356 473 2379 που
499 2343 559 2390 δέῃ
587 2342 748 2390 μάχεσθ’
776 2344 914 2390 ἔχοντα
939 2341 1004 2384 τὴν
1032 2341 1232 2388 Φοινικίόα,

277 2411 459 2456 τηνικαῦτ’
489 2411 598 2453 αὐτὸς
625 2410 819 2459 βέβαπται
846 2409 993 2458 βάμμα
1023 2408 1272 2458 Κυζικηνικόν.
