1619 2759
780 139 827 177 57

170 260 229 296 Ita
255 258 417 307 legimus
444 259 563 307 Vesp.
592 271 649 296 VS.
677 266 780 305 455:
808 258 955 306 βλέπειν
978 258 1168 309 κάρδαμα.
1186 256 1451 308 (nasturtium)

170 334 256 371 Pac.
299 347 354 371 vs.
389 334 507 380 1184:
550 333 698 381 βλέπειν
738 335 830 370 ὅπον.
872 334 1046 384 (succum
1086 332 1163 378 fici,
1194 345 1273 380 quo
1300 331 1451 379 coaguli

170 409 256 446 loco
297 410 503 447 utebantur
542 409 718 457 antiqui.)
756 408 854 446 Ran,
893 421 949 447 vs,
979 409 1075 456 603:
1105 407 1252 456 βλέπειν
1275 407 1450 457 ὀρίγανον.

171 486 245 534 Eq.
275 498 329 524 vs.
359 483 459 533 631:
489 484 637 533 βλέπειν
665 486 771 521 νᾶπυ.
799 482 956 535 (sinapi)

225 560 327 599 Ach.
355 574 412 598 VS.
442 568 520 607 254
548 566 671 597 mater
698 560 834 606 filiam,
869 573 969 608 quae
997 559 1237 608 canephorae
1261 560 1342 595 vice
1370 559 1453 594 {un-

171 637 274 684 gitur
301 637 338 672 in
366 647 530 684 pompa,
555 647 673 683 quam
696 634 939 683 Dicaeopolis
963 635 1146 680 instituit,
1173 635 1226 671 ita
1247 634 1451 670 admonet:

331 709 413 757 ἄγ’,
442 710 468 747 ὦ
496 709 677 761 θύγατερ,
707 712 796 752 ὅπως
823 710 864 747 τὸ
893 709 1020 747 κανοῦν
1046 711 1142 755 καλὴ
1165 708 1285 751 καλῶς

330 787 450 828 οἴσεις,
480 784 667 833 βλέπουσα
699 783 978 836 θυμβροφάγον.

172 860 348 910 Θυμβρὸν
386 860 566 897 acerbum
611 861 726 897 etiam
764 865 822 896 est
846 860 948 905 olus,
976 859 1162 907 βλέπουσα
1186 857 1453 908 θυμβροφάγον

172 935 286 982 igitur
313 933 522 982 significat:
561 939 761 982 aspectum
790 932 937 970 habens
964 933 1112 982 puellae
1140 933 1285 981 probae
1311 945 1357 970 ac
1384 932 1453 969 ho-

173 1014 322 1054 nestae,
355 1020 430 1045 non
457 1009 575 1045 cuivis
603 1008 730 1046 facilis.

224 1106 368 1142 Multas
395 1105 640 1154 metaphoras
669 1111 799 1143 noster
827 1106 943 1143 etiam
968 1106 1207 1154 deprompsit
1230 1118 1251 1142 e
1275 1106 1453 1154 parandis

173 1181 288 1227 cibis,
318 1194 339 1218 e
368 1181 565 1229 depsendo
593 1181 788 1219 miscendo
817 1181 1030 1229 coquendo.

227 1256 409 1303 Loquens
445 1255 494 1292 de
522 1256 669 1292 comico
697 1260 815 1303 poeta
844 1255 1019 1300 Cratete,
1050 1255 1124 1303 Eq.
1152 1267 1197 1291 vs
1241 1256 1314 1302 538
1342 1255 1452 1291 dicit:

134 1372 138 1374 ,
176 1329 383 1380 (Κράτης,)
393 1332 428 1371 ὅς
438 1330 509 1368 ἀπὸ
520 1333 673 1380 σμικράς
683 1330 844 1374 δαπάνης
859 1331 957 1376 ὑμᾶς
966 1329 1155 1379 ἀριστίζων
1164 1330 1197 1377 (¹
1209 1329 1224 1378 )
1241 1330 1454 1375 ἀπέπεμπεν

175 1403 246 1441 ἀπὸ
272 1403 536 1454 κραμβοτάτου
563 1406 750 1451 στόματος
780 1403 935 1451 μάττων
964 1402 1209 1445 ἀστειοτάτας
1236 1406 1399 1445 ἐπινοίας.

174 1486 239 1534 qui
291 1485 443 1523 modico
494 1491 624 1524 sumtu
681 1498 752 1523 vos
806 1487 967 1535 prandio
1022 1492 1156 1535 pastos
1211 1486 1453 1535 remittebat,

175 1561 213 1613 (e
249 1562 416 1600 theatro*
436 1563 596 1600 domum
625 1563 722 1607 scil.)
758 1576 808 1600 ex
847 1563 1124 1611 simplicissimo
1152 1576 1218 1600 ore
1245 1564 1454 1601 sententias

175 1637 328 1691 pinsens
357 1650 542 1686 perquam
572 1637 748 1675 urbanas.

176 1713 243 1749 Ad
278 1713 397 1749 verba
440 1712 706 1762 κραμβοτάτου
746 1715 933 1759 στόματος
971 1713 1085 1749 Kock
1124 1719 1306 1750 annotat:
1344 1713 1453 1749 einen

176 1785 410 1824 nfichternen
451 1787 579 1824 reinen
620 1786 741 1824 durch
785 1787 858 1824 den
897 1787 1051 1824 Genusz
1087 1787 1255 1824 leckerer
1294 1787 1453 1836 Speisen

176 1861 280 1898 nicht
307 1861 570 1898 verdorbenen
599 1862 803 1899 Gesmack.

228 1936 327 1974 Cum
360 1935 434 1973 hoc
474 1936 559 1973 loco
595 1937 807 1985 comparari
845 1942 1008 1985 possunt
1043 1949 1143 1985 quae
1171 1936 1351 1986 leguntur
1377 1937 1452 1986 Eq.

175 2024 230 2047 vs.
261 2013 349 2057 815,
379 2011 443 2048 ubi
470 2011 681 2048 botularius
712 2011 1001 2059 Paphlagonem
1028 2018 1160 2059 rogat:

753 2086 796 2122 σι)
824 2085 1073 2133 Θεμιστοκλεῖ
1087 2086 1344 2137 άντιφερι’ζεις;

255 2161 289 2201 ὂς
317 2162 473 2204 ἐποίησεν
499 2160 565 2205 τὴν
590 2162 688 2197 πόλιν
718 2159 817 2207 ἡμῶν
846 2162 985 2208 μεστὴν
998 2160 1048 2211 (?)
1076 2162 1181 2210 εὑρὼν
1196 2161 1372 2209 ἐπιχειλῆ,

254 2236 318 2272 καὶ
344 2235 424 2286 πρὸς
452 2237 587 2278 τούτοις
614 2235 792 2286 ἀριστώσῃ
821 2236 882 2275 τὸν
910 2235 1066 2287 Πειραιοῖ
1091 2238 1330 2288 προσέμαξεν.

220 2383 247 2423 ¹)
269 2385 420 2422 Compara
440 2389 557 2413 nostras
576 2385 743 2414 locutiones
760 2396 767 2416 :
784 2386 889 2414 smaak
900 2385 1032 2421 bezitten,
1042 2385 1206 2422 smaakvol‚
1219 2391 1254 2424 op
1265 2396 1315 2415 een
1328 2388 1459 2416 verhaal

177 2442 349 2475 tracteeren,
373 2439 493 2477 leugens
513 2439 691 2476 opdisschen.
712 2444 769 2470 cet.
1375 2435 1380 2439 ⁴
