1619 2759
791 145 840 192 78

334 271 427 317 οἴμοι
451 270 703 317 κακοδαίμων,
733 269 802 308 οἶος
829 271 848 307 ὁ
874 272 1042 318 σπασμός
1069 269 1125 318 μ’·
1142 272 1223 319 ἔχει

337 339 396 384 χὼ
423 338 574 379 τέτανος
602 339 716 387 ὥσπερ
746 337 803 374 ε’πί
828 340 963 388 τροχοῦ
990 338 1286 389 στρεβλούμενον.

228 427 293 465 Ex
330 440 371 464 re
407 428 621 465 nummaria
648 427 854 477 desumpta
881 429 1117 478 comparatio
1143 428 1254 465 valde
1282 433 1374 466 nota
1402 429 1458 464 in-

175 502 326 538 venitur
358 502 456 537 Ran.
486 514 541 538 vs.
571 503 668 548 718,
694 502 759 538 ubi
782 502 921 539 chorus
949 503 986 539 in
1006 503 1183 551 parabasi
1207 502 1308 539 cives
1334 513 1458 550 repre-

175 576 308 613 hendit
337 576 461 625 quod,
491 576 819 624 quemadmodum
848 589 918 626 pro
946 577 1057 614 bonis
1080 577 1272 616 veteribus
1295 577 1459 614 nummis

176 664 252 687 non
290 651 512 688 adulteratis
547 652 655 687 novis
685 657 845 688 utuntur
872 653 1000 688 aeneis
1024 654 1211 700 pessimae
1239 658 1372 696 notae,
1407 652 1460 687 ita

175 726 322 762 nobiles
345 726 447 762 cives
471 726 710 773 contumeliis
733 726 914 772 afficiunt,
940 728 1147 776 peregrinis
1162 733 1290 764 autem
1306 738 1459 774 rempu-

174 800 313 838 blicam
341 802 590 839 committunt
618 802 750 838 infimo
778 802 863 839 loco
893 798 1003 840 nat'is.

228 877 402 918 πολλάκις
428 876 468 923 γ’
497 877 583 924 ἡμῖν
610 878 730 924 ἔδοξεν
758 879 777 923 ἡ
806 881 904 919 πόλις
934 877 1140 915 πεπονθέναι
1262 920 1265 923 ,

227 943 363 981 ταύτὸν
392 946 427 986 ἔς
454 958 495 981 τε
523 948 593 981 τῶν
622 947 773 982 πολιτῶν
800 945 882 987 τοὺς
911 947 1043 987 καλούς
1074 959 1115 982 τε
1143 943 1349 991 κάγαθούς,

230 1013 265 1052 ἐς
293 1025 334 1048 τε
362 1010 544 1062 τάρχαῖον
572 1015 733 1059 νόμισμα
763 1014 828 1049 καὶ
853 1013 894 1050 τὸ
922 1013 1040 1049 καινὸν
1069 1001 1224 1063 χρυσίον.

228 1081 309 1115 οὔτε
336 1078 413 1130 γαρ
442 1081 614 1117 τούτοισιν
642 1072 734 1116 οὖσιν
765 1079 802 1117 οὐ
829 1079 1180 1128 κεκιβδηλευμένοις,

229 1145 331 1182 ἀλλα
359 1150 568 1188 καλλίστοις
597 1147 791 1192 ἁπάντων,
822 1149 866 1189 ὡς
895 1148 1004 1189 δοκεῖ,
1034 1147 1290 1194 νομισμάτων,

228 1216 292 1251 καὶ
320 1216 438 1262 μόνοις
465 1213 566 1265 ὀρθῶς
592 1218 725 1252 κοπεῖσι
751 1216 815 1252 καί
840 1215 1151 1262 κεκωδωνισμένοις

227 1285 264 1319 ἔν
291 1296 333 1319 τε
361 1286 434 1324 τοῖς
464 1282 624 1328 ’Έλλησι
651 1285 715 1320 καὶ
741 1287 814 1324 τοῖς
841 1283 1057 1334 βαρβάροισι
1086 1285 1303 1329 πανταχοῦ,

228 1348 388 1400 χρώμεθ’
417 1349 532 1393 οὐδὲν,
562 1348 664 1386 ἄλλα
692 1352 828 1392 τούτοις
856 1353 928 1392 τοῖς
957 1353 1110 1401 πονηροῖς
1137 1352 1326 1397 χαλκίοις,

227 1416 315 1464 χθές
343 1432 384 1454 τε
412 1420 476 1454 καῖ
501 1421 616 1467 πρῴην
643 1422 774 1454 κοπεῖσι
804 1421 855 1464 τῷ
881 1420 1040 1463 κακίστῳ
1067 1420 1255 1464 κόμματι,

172 1492 309 1528 eodem
348 1492 465 1528 modo
495 1503 571 1528 non
599 1492 763 1540 amplius
793 1493 936 1529 utimur
964 1492 1153 1528 nobilibus
1183 1490 1351 1534 civibus,
1382 1493 1455 1530 wil,-

171 1567 208 1603 δὲ
236 1571 392 1614 χαλκοῖς
419 1568 484 1604 καὶ
509 1568 633 1613 ξένοις.
830 1615 832 1617 ‚

171 1643 227 1680 Cf.
252 1643 350 1679 Ran.
380 1655 435 1680 vs.
453 1643 548 1691 890,
581 1643 646 1680 ubi
674 1643 871 1691 Dionysus
899 1643 1124 1692 Euripidem
1153 1647 1285 1690 rogat:
1317 1646 1456 1677 suntne

171 1719 240 1755 tibi
268 1718 328 1755 dei

278 1787 356 1824 ἰ’διοί
381 1788 472 1828 τινές
501 1800 581 1829 σου,
610 1788 743 1834 κόμμα
769 1789 905 1832 καινόν;
935 1787 1027 1825 Eur.
1057 1788 1121 1823 καὶ
1147 1786 1270 1833 μάλα.
1325 1777 1328 1780 ’

172 1869 211 1899 et
240 1863 337 1899 Plut.
368 1875 423 1898 vs.
457 1862 531 1899 862
548 1892 556 1908 ,
586 1863 651 1899 ubi
678 1863 727 1898 de
754 1862 995 1911 sycophanta
1022 1863 1191 1910 quodam
1220 1862 1373 1898 dicitur:

412 1931 500 1967 ε’ὀικε
528 1930 558 1966 δ’
588 1930 675 1967 εἶναι
703 1928 766 1967 τοῦ
793 1932 938 1981 πονηροῦ
963 1932 1169 1977 κόμματος.

223 2028 438 2065 Nonnullas
464 2028 710 2076 metaphoras
736 2020 865 2066 noster
888 2030 1024 2077 petivit
1038 2042 1089 2066 ex
1103 2035 1197 2075 arte,
1223 2042 1298 2066 non
1313 2030 1453 2066 multas

171 2111 322 2149 tamen,
352 2103 480 2152 plures
507 2105 803 2152 exspectaveris.
851 2110 858 2116 '

172 2179 234 2215 Fr.
263 2189 343 2225 414
369 2179 540 2215 continet
567 2177 684 2215 hosce
710 2191 862 2215 versus:

331 2252 381 2289 Ti
406 2251 464 2290 οὖν
492 2256 666 2300 ποιῶμεν;
695 2252 842 2300 χλανίδ’
873 2252 982 2304 ἐχρῆν
1010 2254 1136 2299 λευκην
1164 2253 1315 2302 λαβεῖν,

331 2320 395 2358 εἶτ’
427 2320 600 2368 ι’σθμιακοὶ
629 2320 830 2368 λαβόντες,
861 2325 974 2372 ὥσπερ
1002 2323 1034 2358 οἱ
1059 2323 1179 2371 χοροὶ,

328 2388 473 2440 ᾄδωμεν
502 2387 536 2430 ἐς
566 2388 627 2426 τὸν
654 2388 827 2434 δεσπότην
855 2388 1047 2442 ἐγκωμιον.

169 2454 365 2492 Athenae.
395 2455 621 2503 Ἰσθμιακόνζ
650 2457 760 2498 οὕτως
787 2460 1007 2503 καλούμενον
1034 2456 1228 2503 στέφανον.
