1619 2759
820 140 841 177 7

196 263 296 300 „ego
323 253 448 290 verius
475 253 600 291 habeo
627 255 845 293 oraculum:

301 334 457 387 φράζευ,
485 337 709 388 Ἐρεχθείδη,
737 341 828 377 κύνα
855 339 1042 391 Κέρβερον
1071 340 1362 392 ἀνδραποδιστὴν,

301 410 336 453 ὂς
362 414 472 462 κέρκῳ
499 414 627 449 σαίνων
640 414 687 456 α’,
714 415 850 451 ὁπόταν
876 415 1025 462 δειπνῇς,
1055 415 1223 467 ἐπιτηρῶν

302 485 470 533 ἐξέδεταί
494 500 546 524 σοι
572 489 715 536 τοῦψον,
748 491 837 527 ὅταν
864 492 907 527 σύ
935 505 999 528 που
1027 492 1160 530 ἄλλοσε
1189 492 1354 539 χάσκῃς,

302 559 477 607 ἐσφοιτῶν
503 563 537 598 τ’
569 562 604 604 ἐς
631 563 841 601 τούπτάνιον
869 566 968 610 λήσει
993 578 1032 602 σε
1060 565 1205 610 κυνηδὸν

300 637 432 686 νύκτωρ
460 636 530 679 τας
557 635 720 680 λοπάδας
746 640 807 675 καὶ
832 638 901 681 τοὶς
928 641 1049 685 νήσους
1082 640 1288 687 διαλείχων.

248 739 388 785 „Canis
411 746 469 777 est
493 741 667 778 videlicet
689 743 770 787 iste,
793 743 860 779 sed
874 743 1021 791 qualis?
1036 744 1279 780 Praesentem
1294 750 1332 780 te
1348 743 1471 781 cauda

194 814 382 860 adulatur,
406 815 556 852 absenti
579 828 669 852 vero
692 816 799 852 cibos
822 817 890 853 tibi
913 817 1064 865 surripit
1086 823 1126 854 et
1148 818 1185 853 in
1209 817 1334 854 culina
1355 822 1471 854 noctu

195 889 345 937 patinas
371 872 593 928 delambit.'’

248 964 439 1013 Compara
467 965 573 1002 litem
600 965 880 1003 festivissimam
917 967 954 1003 in
982 966 1110 1003 fabula
1136 967 1374 1015 Vesparum‚
1406 966 1472 1002 ubi

194 1039 304 1076 furax
331 1040 500 1077 canicula
525 1063 579 1067 —
605 1041 642 1077 id
670 1047 729 1078 est
756 1040 924 1086 Laches,
954 1042 1011 1077 vir
1038 1042 1251 1089 praetorius
1285 1062 1327 1069 —
1365 1052 1472 1088 repe-

194 1115 401 1151 tundarum
428 1115 668 1152 insimulatur
695 1115 745 1152 ab
772 1115 891 1153 altero
918 1129 1033 1162 cane,
1063 1138 1115 1144 —-
1143 1129 1166 1153 a
1193 1115 1336 1154 Cleone
1365 1116 1472 1152 nimi-

194 1202 278 1225 rum
307 1202 378 1235 —;
408 1196 608 1227 accusator
635 1197 766 1227 autem
794 1203 850 1227 vs.
879 1201 958 1238 904
998 1192 1153 1228 dicitur:

301 1278 432 1331 ἀγαθός
460 1280 501 1326 γ’
526 1281 694 1317 ὑλακτεῖν
711 1280 725 1325 (
739 1279 774 1330 ¹)
804 1282 866 1317 κα)
889 1275 1085 1328 διαλείχειν
1112 1280 1182 1322 τοὶς
1210 1282 1364 1330 χύτρας.

248 1386 398 1434 Nempe
436 1384 552 1422 nihilo
586 1386 839 1423 continentior
866 1391 947 1423 erat
982 1387 1063 1434 ipse
1089 1398 1207 1437 quam
1235 1397 1341 1430 reus,
1370 1391 1473 1422 certe

195 1461 225 1497 si
253 1460 400 1498 comico
429 1460 660 1498 credendum
689 1466 758 1498 est.

248 1535 450 1571 Neminem
488 1540 684 1582 praeterea
720 1535 835 1582 fugit,
871 1536 1006 1580 credo,
1044 1547 1162 1583 quam
1198 1535 1321 1582 lepide
1356 1540 1472 1582 poeta

195 1610 358 1646 abusum
381 1610 712 1657 comparationum
740 1622 791 1646 ex
818 1611 1039 1646 animalium
1064 1611 1143 1646 vita
1165 1610 1471 1657 desumptarum,

194 1685 259 1733 qui
286 1684 440 1721 dictioni
469 1684 709 1721 oraculorum
738 1685 912 1733 proprius
942 1690 1021 1727 est,
1052 1685 1088 1720 in
1109 1684 1315 1721 -ridiculum
1344 1684 1472 1721 detor·

194 1759 302 1804 serit;
328 1758 372 1795 cf.
398 1759 482 1795 Pac.
508 1771 563 1795 vs,
595 1758 690 1805 1065
719 1771 776 1806 sq.
801 1754 1032 1806 Antiquitus
1052 1758 1228 1794 nimirum
1242 1758 1319 1794 veri
1333 1763 1472 1805 poetae

194 1846 239 1871 ac
267 1839 375 1871 vates
403 1846 491 1871 cum
520 1835 687 1883 undique
715 1846 765 1871 ex
793 1846 920 1871 rerum
949 1840 1085 1871 natura
1113 1833 1292 1882 pulchras
1315 1846 1472 1882 compa-

194 1909 361 1945 rationes
397 1909 618 1945 instituendi
655 1914 855 1957 captarent
892 1909 1133 1953 occasiones,
1172 1920 1223 1944 ex
1251 1907 1471 1944 animalium

195 1996 351 2032 quoque
388 1984 498 2020 variis
535 1984 739 2032 generibus
772 1996 836 2021 eas
863 1984 1002 2021 ducere
1039 1983 1234 2028 solebant,
1263 1988 1303 2019 at
1330 1983 1472 2030 posteri

193 2058 285 2093 dum
314 2069 433 2105 pravo
462 2057 589 2094 studio
617 2070 683 2094 eos
712 2058 960 2095 imitabantur
983 2057 1193 2094 absurdum
1217 2056 1335 2093 fiebat
1349 2068 1471 2105 genus

194 2133 386 2181 loquendi.

236 2281 273 2320 (¹)
297 2281 342 2312 Cf.
374 2281 531 2320 Eupolidis
551 2281 586 2311 fr.
608 2287 689 2318 207:

474 2335 616 2372 (Rhetor)
638 2339 797 2375 Συρακόσιος
818 2334 931 2372 δ’ἔοικεν,
959 2334 1023 2368 ἡνίκ’
1044 2340 1075 2365 ἂν
1096 2338 1172 2375 λέγῃ,

470 2394 527 2423 τοῖς
548 2390 681 2420 κυνιδίοισι
702 2393 784 2419 τοῖσιν
801 2391 846 2419 ἐπὶ
871 2395 922 2419 τῶν
941 2391 1058 2429 τειχὶων.

471 2448 578 2485 ἀναβὰς
597 2447 652 2484 γὰρ
672 2447 716 2474 ἐπὶ
737 2446 768 2474 τὸ
787 2443 864 2483 βῆμ’
882 2446 991 2475 ὑλακτεῖ
1012 2449 1191 2486 περιτρέχων.
