1619 2759
802 121 853 160 29

177 238 370 284 τραγικοῦ,
412 237 448 273 ὃν
491 236 679 283 Ἀθηναῖοι
717 241 855 285 χιλίαις
883 239 1087 287 ἐζημίωσαν
1114 242 1245 277 ἅλωσιν
1274 239 1450 286 Μιλήτου

171 310 476 359 τραγῳδήσαντοι.

171 403 333 457 ἀλέκτωρ
373 407 434 444 hic
478 414 536 445 est
577 409 700 457 gallus
740 410 790 446 ab
831 411 1046 448 adversario
1083 413 1121 448 in
1149 413 1355 449 certamine
1381 413 1447 449 de—

169 481 292 518 victus

169 615 234 654 Ex
260 617 475 666 fragmento
503 629 599 668 237:

431 709 496 754 ᾠὸν
517 710 694 756 μέγιστον
722 711 867 747 τέτοκεν
894 712 939 752 ὡς
965 710 1181 762 ἀλεκτρυών.

167 798 310 835 discere
342 812 548 847 possumus
583 813 719 838 vocem
760 800 964 852 ἀλεκτρυών
1004 804 1119 840 etiam
1163 805 1334 851 usurpari
1375 817 1444 852 pro

166 873 306 920 gallina
342 886 412 911 nec
449 875 574 912 solum
610 888 681 924 pro
711 876 824 924 gallo.
855 877 910 914 Cf.
942 890 1097 926 quoque
1123 878 1266 915 Cratini
1296 878 1335 915 fr.
1373 880 1442 916 108

171 949 321 986 fabulae
347 950 579 988 Nemeseos:

324 1031 459 1077 Λήδα,
489 1033 549 1069 σὸν
575 1035 690 1083 ἔργον·
720 1035 780 1070 δεῖ
793 1034 826 1070 ο·’
856 1037 945 1076 ὅπως
974 1026 1196 1082 εὺοχήμονος

324 1105 556 1158 ἀλεκτρυόνος
598 1108 710 1156 μηδὲν
739 1109 873 1151 διοίσεις
900 1109 983 1152 τούς
1010 1112 1176 1160 τρόπους,

323 1183 382 1219 ἐπὶ
406 1184 489 1229 τῷδ’
520 1182 701 1232 ἐπώζουο·’,
729 1186 775 1226 ὡς
803 1184 848 1221 ἂν
877 1184 1028 1233 ἐκλέψῃς
1056 1185 1167 1222 καλὸν

323 1259 408 1304 ἡμῖν
434 1273 470 1295 τι
496 1260 558 1295 καὶ
584 1258 796 1306 θαυμαστὸν
823 1259 861 1296 ἐκ
889 1261 984 1297 τοῦδ’
1014 1262 1136 1310 ὸρνεον.

161 1354 311 1391 videtur
347 1354 524 1392 Cratinus
547 1368 703 1404 quoque
727 1356 883 1393 finxisse
906 1368 1023 1392 ovum
1052 1369 1074 1392 a
1103 1356 1257 1392 Nemesi
1286 1363 1438 1405 partum

160 1429 215 1465 abi
237 1430 344 1466 Leda
371 1430 570 1467 exclusum
598 1443 682 1468 esse
709 1432 867 1480 (Kock).

212 1557 331 1595 Gallis
379 1559 537 1596 accedat
587 1560 703 1596 mirus
743 1560 804 1596 ille
845 1560 1031 1608 Aeschyli
1064 1560 1343 1610 ἱππαλεκτρυών,
1370 1560 1436 1607 qui

158 1638 303 1680 σημεῖον
330 1637 367 1671 ἑν
393 1638 476 1676 ταῖς
503 1637 625 1672 ναυσὶν
652 1634 902 1686 ἐνεγέγραπτο
927 1634 989 1686 (“).
1017 1636 1117 1672 Vide
1143 1635 1241 1672 Ran.
1272 1648 1327 1672 VS.
1344 1645 1433 1682 932.

157 1707 304 1744 Rarum
349 1708 422 1745 hoc
467 1709 607 1745 animal
648 1715 779 1746 nostro
819 1709 931 1745 valde
971 1710 1156 1746 ludicrum
1201 1711 1326 1746 visum
1364 1716 1433 1747 est.

157 1782 309 1832 Nempe
350 1796 426 1820 non
467 1783 591 1821 solum
631 1784 716 1821 loco
745 1796 866 1833 nuper
891 1784 1048 1821 laudato
1086 1784 1124 1821 id
1161 1785 1198 1821 in
1235 1784 1433 1821 ridiculum

129 1858 381 1906 detorquet,
420 1860 488 1896 sed
523 1860 639 1897 etiam
675 1860 762 1896 Pac.
799 1872 855 1897 vs.
903 1868 1021 1907 1177,
1064 1860 1129 1896 ubi
1156 1860 1296 1896 chorus
1322 1860 1432 1897 dicit:

155 1931 258 1978 „Odi
305 1932 410 1969 illum
438 1934 662 1971 iactatorem
689 1934 969 1978 centurionem,
1006 1934 1071 1980 qui
1107 1934 1212 1970 dorni
1247 1933 1431 1981 superbit,

156 2007 193 2042 in
215 2007 359 2054 proelio
381 2013 512 2044 autem
535 2009 680 2056 primus
702 2009 876 2045 omnium
903 2008 999 2055 fugit

629 2093 744 2141 ὥσπερ
770 2089 891 2137 ξουθὸς
917 2091 1186 2140 ἱππαλεκτρυὼν

366 2165 447 2207 τοὺς
473 2164 607 2213 λόφους
632 2168 744 2202 σείων.

193 2304 235 2343 (¹)
270 2305 346 2333 Cum
367 2313 460 2342 equus
490 2313 525 2332 ae
546 2304 643 2340 gallus
662 2304 810 2333 cervicem
831 2304 964 2332 habeant
985 2303 1132 2332 subsimili
1153 2303 1245 2331 modo
1266 2311 1428 2333 curvatam.

155 2368 258 2387 eorum
280 2367 407 2396 corpora
427 2362 497 2396 apte
518 2367 578 2386 una
598 2358 730 2396 imagine
751 2358 892 2395 coniungi
913 2362 1037 2396 possunt
1059 2350 1101 2386 it'a
1121 2362 1153 2386 ut
1174 2366 1281 2394 corpus
1302 2357 1339 2385 sit
1350 2358 1430 2396 equi,

151 2416 241 2450 caput
262 2423 297 2442 ac
317 2413 416 2441 cervix
436 2413 522 2450 galli.
