1619 2759
767 97 816 145 63

156 228 282 260 cetera
293 224 422 260 omnia
435 222 508 260 hac
522 223 636 272 plaga
649 223 836 260 labefacta
850 235 1027 260 corruere
1041 223 1247 259 debebant.
1264 221 1438 270 Lepidis-

157 298 252 335 sime
279 304 394 347 poeta
421 298 496 335 hoc
518 298 603 336 loco
628 311 747 336 unum
770 298 914 336 dolium
938 299 990 336 ob
1014 300 1145 345 ictum,
1168 310 1284 348 quem
1300 299 1438 346 accipit

157 373 450 421 iratum‚·alteri
479 373 645 421 maligne
673 373 782 421 fingit
809 374 1061 410 recalcitrans,

211 484 309 522 Cum
359 482 557 522 senectu'te
606 485 770 522 arefacta
824 485 1044 522 muliercula
1094 485 1181 522 Plut
1235 497 1290 521 VS.
1340 491 1439 530 1054

157 558 369 596 exclamat:
398 559 464 605 τὴν
491 559 587 605 δᾷδα
614 559 667 606 μή
695 573 756 606 μοι
785 558 966 610 πρόσφερ’.

158 632 386 682 Chremylus
413 635 581 672 iocatur:

896 700 940 737 εὖ
963 702 1086 747 μέντοι
1113 702 1228 746 λέγει.

370 773 433 811 ἐοὶν
460 774 537 826 γὰρ
566 774 679 822 αὐτὴν
708 774 755 817 εἷς
783 777 889 822 μόνος
916 773 1055 825 σπινθὴρ
1082 773 1204 823 λάβῃ,

368 852 482 900 ὥσπερ
510 850 674 886 παλαιὰν
704 851 894 898 εἰρεσιώνην
922 852 1109 886 καύσεται.

157 936 290 960 verum
325 925 434 970 dicit,
472 925 502 961 si
535 926 636 961 enim
674 925 734 962 vel
772 926 883 962 unica
922 924 1081 962 scintilla
1118 924 1220 960 illam
1256 924 1437 971 attigerit,

158 1010 243 1034 eam
284 998 485 1036 comburet
525 1005 726 1048 tamquam
764 999 912 1036 aridum
950 999 1057 1036 oleae
1093 1011 1256 1036 ramum.
1293 998 1438 1050 (Quem

153 1073 294 1118 ‘Graeci
330 1074 437 1111 initio
473 1075 562 1110 anni
599 1080 689 1112 ante
726 1074 824 1111 fores
861 1074 1093 1123 suspendere
1130 1074 1306 1111 solebant
1334 1080 1374 1111 et
1401 1075 1438 1111 in

158 1160 301 1184 annum
332 1154 558 1196 sequentem
587 1149 768 1197 servare.)

211 1266 317 1304 Sicut
353 1268 390 1303 in
426 1279 603 1304 sermone
638 1267 864 1316 quotidiano
901 1268 999 1316 ignis
1036 1280 1080 1305 ac
1115 1269 1246 1305 lumen
1274 1269 1372 1306 inter
1399 1281 1439 1306 se

158 1343 336 1391 coniungi
377 1343 521 1388 solent,
568 1354 638 1378 nos
677 1354 836 1390 quoque
872 1355 973 1379 nunc
1015 1334 1262 1391 metaphoras
1300 1349 1439 1380 tracta-

158 1417 295 1462 bimus,
319 1429 416 1465 quas
438 1416 566 1453 lumen
589 1428 634 1453 ac
657 1416 833 1453 lucernae
847 1422 986 1465 poetae
1003 1422 1134 1453 nostro
1150 1424 1436 1464 suggesserunt.

159 1490 261 1527 Nub.
308 1503 363 1528 vs.
405 1492 481 1537 584
515 1491 592 1536 sol,
638 1491 866 1539 spendidum
914 1491 1004 1527 illud
1051 1492 1176 1537 sidus,
1225 1493 1290 1540 qui
1341 1489 1439 1529 deus

158 1566 374 1615 colebatur,
403 1567 548 1603 comice
574 1578 662 1603 cum
686 1566 846 1615 parvula
871 1567 1025 1604 lucerna
1049 1573 1296 1615 comparatur
1331 1568 1440 1604 Haec

159 1648 247 1678 sunt
274 1642 390 1678 verba
417 1641 522 1678 chori
550 1641 733 1677 nubium:

1029 1702 1048 1738 o‘
1075 1700 1106 1738 δ’
1134 1703 1228 1747 ἥλιος

318 1776 383 1821 τὴν
410 1775 590 1826 θρυαλλίδ’
625 1776 673 1817 εἰς
700 1776 829 1812 ἑαυτὸν
858 1774 980 1817 εὐθέως
1008 1776 1230 1822 ξυνελκύσας

316 1850 354 1887 οὐ
381 1849 510 1897 Φανεῖν
538 1848 697 1898 ἔφασκεν
725 1851 820 1898 ὑμῖν,
853 1851 886 1886 εἰ
912 1852 1160 1901 στρατηγήσει
1187 1849 1333 1887 Κλεων.

207 1943 300 1989 Lys.
329 1954 384 1977 VS.
419 1952 515 1998 10o3
552 1941 789 1989 Spartiatae,
826 1943 892 1989 qui
931 1942 1117 1978 uxoribus
1145 1942 1222 1977 suis
1249 1941 1439 1977 abstinere

130 2052 132 2054 ,
159 2018 281 2057 coacti
308 2022 417 2063 sunt,
446 2016 639 2053 libidinem
668 2028 777 2053 suam
806 2015 929 2053 celare
957 2027 1033 2052 non
1061 2021 1243 2064 possunt:

632 2093 822 2137 μογίομες·
852 2090 897 2126 ὀὲν
923 2089 999 2139 γὰρ
1027 2089 1097 2126 τοὶν
1127 2092 1226 2126 πόλιν

444 2164 535 2216 ᾇπερ
564 2164 862 2216 λυχνοφορίοντες
892 2162 1173 2211 ἐπικεκύφαμες.

159 2229 398 2286 laboramus,
441 2240 687 2277 ambulamus
724 2240 825 2276 enim
863 2251 932 2288 per
969 2239 1103 2275 urbem
1141 2239 1239 2275 sicut
1266 2239 1440 2275 lucernas

159 2321 366 2364 gestantes
398 2314 482 2366 (qui
509 2322 683 2352 ventrem
705 2316 929 2352 reducentes
952 2314 1081 2351 lumen
1098 2326 1214 2350 manu
1229 2320 1440 2362 protegunt

161 2402 209 2426 ne
235 2395 352 2427 vento
380 2390 659 2438 extinguatur.)
