1619 2759
791 138 842 185 76

177 267 336 298 coactus
377 273 442 298 eas
479 262 702 311 dirumpens
734 269 953 300 extrorsum
981 262 1098 299 fertur
1124 262 1312 299 densitate
1338 263 1463 299 conci-

176 334 300 369 tatus.
332 329 516 366 stridente
544 330 690 377 impetu
720 342 761 366 se
792 331 919 378 ipsum
948 330 1187 367 comburens.

230 433 303 469 Pro
344 434 519 481 proprio:
562 433 612 470 τοὶ
650 437 757 480 χείλη
796 434 914 471 δακών
951 434 1055 471 Nub.
1094 447 1148 472 vs.
1183 434 1280 481 1368
1320 435 1464 482 tropice

178 508 337 545 dicitur:

446 562 541 604 ὅμως
570 561 607 597 δὲ
636 560 698 598 τὸν
727 559 837 608 θυμὸν
865 560 990 598 δακὼν
1010 559 1114 608 ἔφην.

178 636 379 672 Paululum
402 637 553 672 diverso
582 648 695 672 sensu
725 636 845 683 Vesp.
862 648 918 672 vs.
936 645 1012 683 777
1030 636 1263 684 Bdelycleon
1278 637 1376 684 patri
1393 648 1463 671 suo

179 709 289 746 dicit:
320 710 377 756 „si
404 709 509 746 domi
538 709 743 754 iudicabis,

775 776 860 823 οὐχὶ
890 780 1011 813 πεινῶν
1039 775 1253 824 ἀναμενεῖς,

419 849 558 889 ὃοέκνων
587 851 740 888 σεαυτὸν
768 852 834 888 καί
860 850 921 887 τὸν
948 849 1253 898 ἀπολογούμενον.

181 937 256 961 non
298 926 467 962 esuriens
507 925 624 961 finem
675 926 800 961 iudicii
846 930 1053 973 expectare
1095 930 1252 962 coactus
1292 926 1384 970 eris,
1426 932 1464 962 te

180 1000 306 1047 ipsum
335 1005 374 1036 et
403 984 521 1036 reum
541 999 724 1036 crucians.

233 1073 422 1122 Quamvis
474 1074 601 1120 inviti,
654 1079 784 1111 tamen
834 1085 1041 1122 parumper
1095 1073 1199 1122 apud
1253 1073 1465 1111 carunculis

180 1161 297 1197 aegra
326 1149 502 1186 membra
531 1149 710 1185 remorari
736 1149 934 1186 debemus.
965 1148 1064 1186 Cum
1092 1161 1212 1186 senex
1238 1149 1339 1185 enim
1368 1161 1463 1196 sago

177 1223 336 1260 indutus
376 1224 494 1271 Vesp.
533 1235 589 1261 vs,
633 1231 731 1270 1172
770 1229 904 1271 rogat,
943 1224 1003 1260 cui
1038 1222 1237 1260 hominum
1280 1223 1463 1260 nobilium

179 1299 310 1335 similis
337 1299 407 1344 sit,
438 1298 536 1335 filius
565 1299 598 1335 ei
626 1298 854 1347 respondet:

281 1360 284 1364 ι
447 1375 537 1419 ο”τῳ;
566 1372 689 1419 δοθιῆνι
718 1373 878 1423 σκόροδον
903 1372 1152 1420 ἠμφιεσμένῳ.

179 1448 418 1495 „furuncu10‚
447 1448 508 1484 cui
536 1447 761 1495 impositum
789 1453 849 1484 est
872 1460 924 1483 ex
947 1447 1033 1483 allio
1058 1447 1346 1495 emplastrum’'.
1370 1448 1464 1485 Eius

178 1522 338 1558 rubrum
380 1527 499 1570 caput
539 1521 620 1558 sine
658 1521 778 1558 dubio
818 1521 1038 1558 furunculus
1075 1521 1296 1566 videbatur,
1338 1522 1464 1559 abolla

178 1600 314 1634 autem?
340 1597 608 1645 emplastrum.
638 1596 694 1634 Cf.
725 1597 767 1633 fr.
795 1607 845 1644 43
875 1597 1094 1634 Teleclidis:

235 1673 283 1709 ὅδ’
314 1671 378 1709 ἀπ’
409 1671 567 1718 Αἰγίνης
595 1674 698 1717 νήσου
727 1675 842 1722 χωρεῖ
867 1671 1014 1714 δοθιῆνος
1045 1674 1140 1719 ἔχων
1170 1673 1210 1709 τὸ
1240 1675 1428 1723 πρόσωπον.

184 1747 244 1783 De
272 1746 412 1783 Pericle
440 1746 535 1783 haec
563 1746 681 1782 verba
708 1746 810 1783 dicta
838 1758 921 1782 esse
948 1751 1062 1794 putat
1085 1747 1283 1795 Bergkius,
1307 1747 1465 1784 sortasse

181 1827 313 1858 autem
353 1821 548 1857 referenda
590 1826 681 1858 sunt
718 1821 768 1857 ad
812 1820 1136 1869 Aristophanem,
1181 1822 1247 1869 qui
1288 1822 1465 1869 Aeginae

168 1909 171 1911 ·
184 1902 297 1933 natus
324 1902 417 1932 erat.

234 2001 331 2038 Ran.
371 2013 428 2038 vs.
463 1999 563 2047 1246
609 2000 807 2048 Dionysus
848 2000 1041 2049 Euripidi,
1085 1982 1201 2049 quem
1244 2001 1464 2050 Aeschylus

180 2076 358 2125 lecythio·
377 2077 439 2113 illo
467 2076 707 2125 profligavit,
736 2088 777 2113 se
807 2077 1024 2114 adversario
1052 2077 1224 2114 assentiri
1248 2078 1435 2123 affirmat,

289 2153 356 2196 „rb
384 2151 544 2198 ληκύθιον
570 2152 647 2202 ‘reip
677 2153 776 2189 τοῦτ’
807 2153 862 2193 ἐπὶ
890 2157 962 2195 τοῖς
991 2155 1196 2204 προλόγοισί
1220 2166 1281 2190 σου

288 2229 402 2277 ὥσπερ
430 2226 481 2263 τοὶ
508 2227 585 2263 σῦκ’
616 2226 672 2263 ἐπὶ
699 2231 807 2263 τοῖο-ιν
837 2226 1036 2274 ὀφθαλμοῖς
1069 2225 1178 2273 ἑφυ.”

180 2301 398 2351 lecythulus
449 2303 550 2339 enim
601 2302 662 2339 ille
711 2303 786 2339 tuis
827 2303 999 2351 prologis
1040 2302 1223 2339 adhaeret
1264 2308 1463 2350 tamquam

185 2377 368 2412 mariscae
397 2376 630 2424 (caruncula)
658 2375 788 2413 oculis.
