1619 2759
773 149 823 186 42

323 263 342 300 ὁ
368 263 399 300 δ’
429 261 652 315 ἀνακραγὼν
677 263 854 313 ἀντῄκαο·’
884 265 995 304 αὑτὸν
1023 265 1172 317 πάρνοπι

326 336 377 373 τα
399 336 477 387 θρῖα
505 340 569 375 τοῦ
597 339 766 389 τρίβωνος
792 339 1084 389 ἀποβεβληκότι,

325 410 485 459 Σθενέλῳ
511 426 553 450 τε
581 412 633 451 τοὶ
659 413 831 466 σκευάρια
858 415 1139 466 διακεκαρμένῳ.

219 517 350 565 „Quid
374 523 415 554 tu
429 547 437 562 ‚
460 518 660 566 paupelle?
683 519 855 556 locustae
877 520 1005 556 similis
1019 532 1080 566 es,
1105 532 1205 568 quae
1219 519 1305 556 solia
1320 520 1447 557 amisit

166 591 266 640 pallii
306 592 366 629 vel
406 591 576 630 Stheneli
617 593 742 631 miseri
777 593 988 641 histrionis,
1029 595 1094 644 qui
1120 595 1305 643 tragicam
1333 607 1443 631 suam

165 667 438 715 supellectilem
467 669 630 705 vendere
658 675 816 706 coactus
845 669 944 706 est.”

218 742 344 779 Prima
370 744 608 792 comparatio
634 744 858 792 praesertim
887 745 982 781 scita
1010 750 1085 790 est,
1124 744 1315 793 praeclare
1344 746 1444 781 enim

166 816 289 853 reddit
331 818 430 853 senis
471 818 653 855 rusticam
694 818 889 863 facetiam,
929 829 1046 866 quam
1074 818 1256 855 Germani
1283 824 1445 855 vocant:

166 888 432 928 Mutterwitz.

220 965 350 1012 „Urbs
385 966 496 1003 vobis
536 966 739 1003 condenda
767 965 872 1014 est‚’'
910 965 1148 1004 Pithetaerus
1176 967 1254 1003 Av.
1284 979 1340 1004 vs.
1375 968 1443 1014 185

172 1041 390 1086 contendit,

326 1132 438 1178 „cxcv-³
462 1130 589 1182 ἄρξετ’
615 1130 801 1182 ἀνθρώπων
828 1131 897 1178 μὲν
924 1133 1037 1182 ὥσπερ
1067 1130 1289 1182 παρνόπων.”

220 1227 257 1263 N
261 1228 325 1264 ub.
343 1239 410 1264 ·vs.
444 1235 538 1276 1355
568 1227 810 1278 Strepsiades
837 1228 1009 1277 queritur
1031 1240 1072 1265 se
1095 1227 1214 1264 filium
1237 1239 1349 1264 suum
1372 1240 1447 1264 non

168 1303 285 1354 talem
309 1315 360 1339 ex
386 1303 517 1339 schola
547 1303 716 1340 Socratis
744 1304 951 1351 recepisse,
984 1303 1138 1351 qualem
1162 1309 1447 1351 expectaverat.

220 1377 289 1423 „In
317 1389 438 1414 coena
466 1377 608 1426 aliquid
635 1376 766 1414 ludere
793 1378 938 1423 iussus,

501 1465 623 1508 εὐθέως
649 1465 806 1516 ἀρχαῖον
833 1465 892 1502 εἶν’
920 1464 1061 1513 ἔφασκε
1089 1466 1130 1510 τὸ
1157 1464 1344 1515 κιθαρίζειν

273 1540 372 1584 ᾅδειν
402 1554 443 1577 τε
470 1538 595 1577 πίνονθ’
633 1540 782 1591 ὡσπερεὶ
807 1540 949 1591 κάχρυς
976 1539 1122 1586 γυναῖκ’
1152 1538 1328 1577 ἀλοῦσαν.

219 1615 371 1652 Patrem
395 1614 491 1652 haec
521 1621 739 1653 narrantem
767 1615 865 1652 filius
893 1621 1003 1653 torva
1030 1627 1125 1652 voce
1162 1615 1396 1663 interpellat:

219 1698 258 1735 οὐ
285 1697 362 1748 γάρ
390 1696 467 1734 τότ’
498 1695 596 1739 εὐθὺς
612 1700 715 1748 ,χρῆν
742 1696 775 1734 ο·’
805 1698 877 1747 ἄρα
894 1696 1094 1734 τύπτεσθαί
1105 1711 1146 1735 τε
1161 1699 1223 1735 καὶ
1236 1696 1448 1741 πατεῖσθαι,

220 1773 318 1818 ᾄδειν
344 1770 517 1809 κελεύονθ’
546 1767 694 1822 ὡσπερεὶ
719 1772 899 1818 τέττιγας
926 1772 1122 1816 ἑστιῶντα;

218 1870 359 1906 Nonne
386 1869 577 1905 verberari
604 1869 794 1914 debebam,
823 1869 889 1916 qui
913 1881 1048 1905 canere
1072 1881 1135 1905 me
1158 1869 1318 1913 iuberes,
1342 1870 1451 1916 quasi

166 1944 316 1982 cicadas
355 1955 477 1980 coena
515 1943 732 1991 exciperes,
770 1954 871 1992 quae
897 1941 1027 1979 cibum
1056 1954 1132 1979 non
1159 1942 1357 1991 requirunt
1384 1942 1451 1979 sed

171 2025 300 2057 totum
327 2019 430 2055 diem
457 2018 631 2055 strident.

220 2140 324 2178 Nub.
354 2152 411 2176 vs.
441 2138 518 2187 763
548 2137 727 2176 Socrates
754 2137 964 2188 Strepsiadi
990 2138 1174 2186 imperat:

354 2213 538 2262 ἀποχάλα
566 2214 631 2260 τὴν
658 2211 818 2264 Φροντίδ’
849 2212 883 2255 ἐς
910 2213 972 2250 τὸν
999 2211 1112 2264 ἀέρα,

355 2291 531 2327 λινόδετον
557 2292 671 2339 ὥσπερ
698 2287 917 2336 μηλολόνθην
944 2290 1009 2325 τοῦ
1035 2289 1152 2330 ποδός.

221 2365 415 2402 Laxatam
451 2364 602 2402 dimitte
634 2363 909 2412 cogitationem
936 2364 974 2400 in
1001 2375 1109 2409 aera,
1139 2368 1341 2412 tamquam
1370 2373 1452 2400 sca-

167 2441 351 2480 rabaeum
379 2439 455 2476 lino
482 2452 533 2476 ex
561 2439 660 2488 pede
682 2439 908 2476 revinctum.
