<?xml version="1.0" encoding="UTF-8"?>
<!DOCTYPE html PUBLIC "-//W3C//DTD XHTML 1.0 Transitional//EN"
    "http://www.w3.org/TR/xhtml1/DTD/xhtml1-transitional.dtd">
<html xmlns="http://www.w3.org/1999/xhtml" xml:lang="en" lang="en">
 <head>
  <title>
</title>
<meta http-equiv="Content-Type" content="text/html;charset=utf-8" />
  <meta name='ocr-system' content='tesseract 3.04.00' />
  <meta name='ocr-capabilities' content='ocr_page ocr_carea ocr_par ocr_line ocrx_word'/>
</head>
<body>
  <div class='ocr_page' id='page_1' title='image "4737808_0068.png"; bbox 0 0 1619 2759; ppageno 0'>
   <div class='ocr_carea' id='block_1_1' title="bbox 788 137 831 175">
    <p class='ocr_par' dir='ltr' id='par_1_1' title="bbox 788 137 831 175">
     <span class='ocr_line' id='line_1_1' title="bbox 788 137 831 175; baseline 0 -10"><span class='ocrx_word' id='word_1_1' title='bbox 788 137 831 175; x_wconf 84' lang='lat'><strong>51</strong></span> 
     </span>
    </p>
   </div>
   <div class='ocr_carea' id='block_1_2' title="bbox 176 251 1455 594">
    <p class='ocr_par' dir='ltr' id='par_1_2' title="bbox 176 251 1455 594">
     <span class='ocr_line' id='line_1_2' title="bbox 176 251 1453 300; baseline -0.002 -9"><span class='ocrx_word' id='word_1_2' title='bbox 176 255 209 291; x_wconf 91' lang='lat' dir='ltr'><strong>ei</strong></span> <span class='ocrx_word' id='word_1_3' title='bbox 246 255 495 300; x_wconf 87' lang='lat' dir='ltr'><strong>videbuntur,</strong></span> <span class='ocrx_word' id='word_1_4' title='bbox 537 254 655 290; x_wconf 89' lang='lat' dir='ltr'><strong>veluti</strong></span> <span class='ocrx_word' id='word_1_5' title='bbox 692 254 742 290; x_wconf 81' lang='lat' dir='ltr'><strong>ab</strong></span> <span class='ocrx_word' id='word_1_6' title='bbox 790 253 905 290; x_wconf 89' lang='lat' dir='ltr'><strong>ebriis</strong></span> <span class='ocrx_word' id='word_1_7' title='bbox 932 253 1151 290; x_wconf 89' lang='lat' dir='ltr'><strong>hominibus</strong></span> <span class='ocrx_word' id='word_1_8' title='bbox 1188 253 1298 289; x_wconf 87' lang='lat' dir='ltr'><strong>facta.</strong></span> <span class='ocrx_word' id='word_1_9' title='bbox 1336 251 1453 288; x_wconf 89' lang='lat' dir='ltr'><strong>Paulo</strong></span> 
     </span>
     <span class='ocr_line' id='line_1_3' title="bbox 176 329 872 378; baseline -0.001 -12"><span class='ocrx_word' id='word_1_10' title='bbox 176 336 264 378; x_wconf 89' lang='lat' dir='ltr'><strong>post</strong></span> <span class='ocrx_word' id='word_1_11' title='bbox 290 343 343 367; x_wconf 65' lang='lat' dir='ltr'><strong>vs,</strong></span> <span class='ocrx_word' id='word_1_12' title='bbox 382 340 452 377; x_wconf 88' lang='lat'><strong>143</strong></span> <span class='ocrx_word' id='word_1_13' title='bbox 481 330 530 366; x_wconf 91' lang='lat' dir='ltr'><strong>de</strong></span> <span class='ocrx_word' id='word_1_14' title='bbox 558 329 692 366; x_wconf 86' lang='lat' dir='ltr'><strong>iisdem</strong></span> <span class='ocrx_word' id='word_1_15' title='bbox 720 329 872 366; x_wconf 84' lang='lat' dir='ltr'><strong>dicitur:</strong></span> 
     </span>
     <span class='ocr_line' id='line_1_4' title="bbox 495 403 1241 454; baseline -0.001 -14"><span class='ocrx_word' id='word_1_16' title='bbox 495 405 735 454; x_wconf 76' lang='grc' dir='ltr'><em>λοιδοροῦνταί</em></span> <span class='ocrx_word' id='word_1_17' title='bbox 760 403 801 450; x_wconf 82' lang='grc' dir='ltr'><strong>γ’</strong></span> <span class='ocrx_word' id='word_1_18' title='bbox 830 406 941 454; x_wconf 68' lang='grc' dir='ltr'><em>ὥσπερ</em></span> <span class='ocrx_word' id='word_1_19' title='bbox 971 405 1241 450; x_wconf 75' lang='grc' dir='ltr'><strong>ἐμπεπωκότες,</strong></span> 
     </span>
     <span class='ocr_line' id='line_1_5' title="bbox 398 469 1243 530; baseline -0.004 -13"><span class='ocrx_word' id='word_1_20' title='bbox 398 481 463 517; x_wconf 73' lang='grc' dir='ltr'><strong>καὶ</strong></span> <span class='ocrx_word' id='word_1_21' title='bbox 487 479 549 517; x_wconf 78' lang='grc' dir='ltr'><em>τὸν</em></span> <span class='ocrx_word' id='word_1_22' title='bbox 577 477 793 530; x_wconf 71' lang='grc' dir='ltr'><em>παροινοῦντ’</em></span> <span class='ocrx_word' id='word_1_23' title='bbox 822 477 1004 529; x_wconf 72' lang='grc' dir='ltr'><em>ἑκφέρουσ’</em></span> <span class='ocrx_word' id='word_1_24' title='bbox 1028 480 1060 515; x_wconf 77' lang='grc' dir='ltr'><strong>οἱ</strong></span> <span class='ocrx_word' id='word_1_25' title='bbox 1080 469 1243 524; x_wconf 57' lang='grc' dir='ltr'><em>τοξότ’-αι.</em></span> 
     </span>
     <span class='ocr_line' id='line_1_6' title="bbox 176 545 1455 594; baseline -0.002 -11"><span class='ocrx_word' id='word_1_26' title='bbox 176 548 273 583; x_wconf 90' lang='lat' dir='ltr'><strong>inter</strong></span> <span class='ocrx_word' id='word_1_27' title='bbox 315 559 356 583; x_wconf 90' lang='lat' dir='ltr'><strong>se</strong></span> <span class='ocrx_word' id='word_1_28' title='bbox 407 547 668 583; x_wconf 84' lang='lat' dir='ltr'>conviciantur</span> <span class='ocrx_word' id='word_1_29' title='bbox 718 547 827 594; x_wconf 82' lang='lat' dir='ltr'>quasi</span> <span class='ocrx_word' id='word_1_30' title='bbox 879 548 978 583; x_wconf 92' lang='lat' dir='ltr'><strong>bene</strong></span> <span class='ocrx_word' id='word_1_31' title='bbox 1027 546 1181 594; x_wconf 89' lang='lat' dir='ltr'><strong>appoti,</strong></span> <span class='ocrx_word' id='word_1_32' title='bbox 1224 545 1455 582; x_wconf 88' lang='lat' dir='ltr'><strong>temulentos</strong></span> 
     </span>
    </p>
   </div>
   <div class='ocr_carea' id='block_1_3' title="bbox 175 621 1203 670">
    <p class='ocr_par' dir='ltr' id='par_1_3' title="bbox 175 621 1203 670">
     <span class='ocr_line' id='line_1_7' title="bbox 175 621 1203 670; baseline -0.001 -11"><span class='ocrx_word' id='word_1_33' title='bbox 175 627 305 659; x_wconf 84' lang='lat' dir='ltr'><strong>autem</strong></span> <span class='ocrx_word' id='word_1_34' title='bbox 333 621 614 659; x_wconf 83' lang='lat' dir='ltr'><strong>debacchantes</strong></span> <span class='ocrx_word' id='word_1_35' title='bbox 643 621 813 670; x_wconf 85' lang='lat' dir='ltr'><strong>Scythae</strong></span> <span class='ocrx_word' id='word_1_36' title='bbox 841 635 862 658; x_wconf 91' lang='lat' dir='ltr'><strong>e</strong></span> <span class='ocrx_word' id='word_1_37' title='bbox 890 627 1002 659; x_wconf 90' lang='lat' dir='ltr'><strong>coetu</strong></span> <span class='ocrx_word' id='word_1_38' title='bbox 1031 621 1203 658; x_wconf 89' lang='lat' dir='ltr'><strong>efferunt.</strong></span> 
     </span>
    </p>
   </div>
   <div class='ocr_carea' id='block_1_4' title="bbox 173 706 1456 1382">
    <p class='ocr_par' dir='ltr' id='par_1_4' title="bbox 176 706 1456 1002">
     <span class='ocr_line' id='line_1_8' title="bbox 229 706 1456 775; baseline -0.002 -13"><span class='ocrx_word' id='word_1_39' title='bbox 229 727 334 764; x_wconf 89' lang='lat' dir='ltr'><strong>Nota</strong></span> <span class='ocrx_word' id='word_1_40' title='bbox 360 726 524 772; x_wconf 87' lang='lat' dir='ltr'><strong>locutio,</strong></span> <span class='ocrx_word' id='word_1_41' title='bbox 553 738 654 775; x_wconf 88' lang='lat' dir='ltr'><strong>quae</strong></span> <span class='ocrx_word' id='word_1_42' title='bbox 682 726 791 763; x_wconf 83' lang='lat' dir='ltr'><strong>nobis</strong></span> <span class='ocrx_word' id='word_1_43' title='bbox 819 738 975 775; x_wconf 90' lang='lat' dir='ltr'><strong>quoque</strong></span> <span class='ocrx_word' id='word_1_44' title='bbox 996 739 1072 762; x_wconf 90' lang='lat' dir='ltr'><strong>non</strong></span> <span class='ocrx_word' id='word_1_45' title='bbox 1096 726 1218 762; x_wconf 88' lang='lat' dir='ltr'><strong>aliena</strong></span> <span class='ocrx_word' id='word_1_46' title='bbox 1233 731 1302 770; x_wconf 89' lang='lat' dir='ltr'><strong>est,</strong></span> <span class='ocrx_word' id='word_1_47' title='bbox 1318 706 1456 772; x_wconf 81' lang='lat' dir='ltr'><strong>legitur</strong></span> 
     </span>
     <span class='ocr_line' id='line_1_9' title="bbox 176 802 517 848; baseline 0.003 -11"><span class='ocrx_word' id='word_1_48' title='bbox 176 802 275 839; x_wconf 89' lang='lat' dir='ltr'><strong>Plut.</strong></span> <span class='ocrx_word' id='word_1_49' title='bbox 303 815 360 838; x_wconf 87' lang='lat' dir='ltr'><strong>vs.</strong></span> <span class='ocrx_word' id='word_1_50' title='bbox 397 803 517 848; x_wconf 88' lang='lat'>1085:</span> 
     </span>
     <span class='ocr_line' id='line_1_10' title="bbox 389 875 1121 924; baseline -0.001 -11"><span class='ocrx_word' id='word_1_51' title='bbox 389 878 484 924; x_wconf 76' lang='grc' dir='ltr'><em>ὅμως</em></span> <span class='ocrx_word' id='word_1_52' title='bbox 511 875 542 913; x_wconf 79' lang='grc' dir='ltr'><strong>δ’</strong></span> <span class='ocrx_word' id='word_1_53' title='bbox 572 876 687 919; x_wconf 71' lang='grc' dir='ltr'><em>ἐπειδὴ</em></span> <span class='ocrx_word' id='word_1_54' title='bbox 715 877 781 913; x_wconf 71' lang='grc' dir='ltr'><strong>καὶ</strong></span> <span class='ocrx_word' id='word_1_55' title='bbox 805 876 866 913; x_wconf 78' lang='grc' dir='ltr'><em>τὸν</em></span> <span class='ocrx_word' id='word_1_56' title='bbox 893 875 978 913; x_wconf 82' lang='grc' dir='ltr'><em>οἶνον</em></span> <span class='ocrx_word' id='word_1_57' title='bbox 1005 875 1121 923; x_wconf 73' lang='grc' dir='ltr'><em>ἠξίους</em></span> 
     </span>
     <span class='ocr_line' id='line_1_11' title="bbox 387 952 1269 1002; baseline -0.001 -13"><span class='ocrx_word' id='word_1_58' title='bbox 387 955 504 995; x_wconf 79' lang='grc' dir='ltr'><em>πίνειν,</em></span> <span class='ocrx_word' id='word_1_59' title='bbox 534 953 747 999; x_wconf 49' lang='lat' dir='ltr'><strong>§nusum-or?</strong></span> <span class='ocrx_word' id='word_1_60' title='bbox 779 952 858 989; x_wconf 80' lang='grc' dir='ltr'><em>ἐστι’</em></span> <span class='ocrx_word' id='word_1_61' title='bbox 882 965 933 989; x_wconf 88' lang='grc' dir='ltr'><strong>σοι</strong></span> <span class='ocrx_word' id='word_1_62' title='bbox 960 953 1024 989; x_wconf 73' lang='grc' dir='ltr'><strong>καὶ</strong></span> <span class='ocrx_word' id='word_1_63' title='bbox 1047 953 1112 997; x_wconf 69' lang='grc' dir='ltr'><strong>τὴν</strong></span> <span class='ocrx_word' id='word_1_64' title='bbox 1134 953 1269 1002; x_wconf 73' lang='grc' dir='ltr'><em>τρύγα.</em></span> 
     </span>
    </p>

    <p class='ocr_par' dir='ltr' id='par_1_5' title="bbox 174 1034 1453 1235">
     <span class='ocr_line' id='line_1_12' title="bbox 177 1034 1453 1084; baseline -0.001 -13"><span class='ocrx_word' id='word_1_65' title='bbox 177 1034 327 1083; x_wconf 80' lang='lat' dir='ltr'>Quibus</span> <span class='ocrx_word' id='word_1_66' title='bbox 351 1036 477 1072; x_wconf 88' lang='lat' dir='ltr'><strong>verbis</strong></span> <span class='ocrx_word' id='word_1_67' title='bbox 510 1035 747 1084; x_wconf 87' lang='lat' dir='ltr'><strong>significatur</strong></span> <span class='ocrx_word' id='word_1_68' title='bbox 769 1036 811 1081; x_wconf 90' lang='lat' dir='ltr'><strong>is,</strong></span> <span class='ocrx_word' id='word_1_69' title='bbox 837 1036 902 1083; x_wconf 90' lang='lat' dir='ltr'><strong>qui</strong></span> <span class='ocrx_word' id='word_1_70' title='bbox 927 1035 1040 1071; x_wconf 89' lang='lat' dir='ltr'><strong>rebus</strong></span> <span class='ocrx_word' id='word_1_71' title='bbox 1060 1035 1285 1071; x_wconf 80' lang='lat' dir='ltr'><strong>dulcissimis</strong></span> <span class='ocrx_word' id='word_1_72' title='bbox 1309 1034 1453 1078; x_wconf 84' lang='lat' dir='ltr'><strong>fruitus,</strong></span> 
     </span>
     <span class='ocr_line' id='line_1_13' title="bbox 174 1109 1453 1159; baseline -0.001 -14"><span class='ocrx_word' id='word_1_73' title='bbox 174 1110 377 1146; x_wconf 89' lang='lat' dir='ltr'><strong>iniucunda</strong></span> <span class='ocrx_word' id='word_1_74' title='bbox 418 1122 575 1159; x_wconf 87' lang='lat' dir='ltr'><strong>quoque</strong></span> <span class='ocrx_word' id='word_1_75' title='bbox 611 1110 775 1147; x_wconf 89' lang='lat' dir='ltr'><strong>tolerare</strong></span> <span class='ocrx_word' id='word_1_76' title='bbox 811 1110 940 1146; x_wconf 88' lang='lat' dir='ltr'><strong>debet.</strong></span> <span class='ocrx_word' id='word_1_77' title='bbox 981 1109 1035 1146; x_wconf 94' lang='lat' dir='ltr'><strong>Cf.</strong></span> <span class='ocrx_word' id='word_1_78' title='bbox 1065 1109 1240 1156; x_wconf 85' lang='lat' dir='ltr'><strong>Theogn.</strong></span> <span class='ocrx_word' id='word_1_79' title='bbox 1270 1121 1322 1145; x_wconf 81' lang='lat' dir='ltr'><strong>vs</strong></span> <span class='ocrx_word' id='word_1_80' title='bbox 1357 1116 1453 1155; x_wconf 85' lang='lat'><strong>255:</strong></span> 
     </span>
     <span class='ocr_line' id='line_1_14' title="bbox 308 1182 1287 1235; baseline -0.001 -14"><span class='ocrx_word' id='word_1_81' title='bbox 308 1186 434 1232; x_wconf 80' lang='grc' dir='ltr'><em>τόλμα</em></span> <span class='ocrx_word' id='word_1_82' title='bbox 463 1184 586 1235; x_wconf 75' lang='grc' dir='ltr'><em>Κύρνε</em></span> <span class='ocrx_word' id='word_1_83' title='bbox 614 1188 771 1221; x_wconf 78' lang='grc' dir='ltr'><strong>κακοῖσιν</strong></span> <span class='ocrx_word' id='word_1_84' title='bbox 800 1183 876 1221; x_wconf 76' lang='grc' dir='ltr'><strong>ἐπεῖ</strong></span> <span class='ocrx_word' id='word_1_85' title='bbox 902 1182 1101 1221; x_wconf 77' lang='grc' dir='ltr'><em>κάσθλοῖσιν</em></span> <span class='ocrx_word' id='word_1_86' title='bbox 1129 1185 1287 1234; x_wconf 66' lang='grc' dir='ltr'><strong>ἔχαιρες.</strong></span> 
     </span>
    </p>

    <p class='ocr_par' dir='ltr' id='par_1_6' title="bbox 173 1258 1454 1382">
     <span class='ocr_line' id='line_1_15' title="bbox 228 1258 1454 1307; baseline -0.002 -12"><span class='ocrx_word' id='word_1_87' title='bbox 228 1259 317 1295; x_wconf 94' lang='lat' dir='ltr'><strong>Non</strong></span> <span class='ocrx_word' id='word_1_88' title='bbox 359 1258 509 1296; x_wconf 88' lang='lat' dir='ltr'><strong>inficete</strong></span> <span class='ocrx_word' id='word_1_89' title='bbox 550 1259 772 1307; x_wconf 85' lang='lat' dir='ltr'><strong>Aeschylus</strong></span> <span class='ocrx_word' id='word_1_90' title='bbox 814 1259 910 1296; x_wconf 89' lang='lat' dir='ltr'><strong>Plut.</strong></span> <span class='ocrx_word' id='word_1_91' title='bbox 950 1272 1006 1295; x_wconf 87' lang='lat' dir='ltr'><strong>vs.</strong></span> <span class='ocrx_word' id='word_1_92' title='bbox 1050 1267 1149 1305; x_wconf 85' lang='lat'>1150</span> <span class='ocrx_word' id='word_1_93' title='bbox 1186 1258 1328 1306; x_wconf 84' lang='lat' dir='ltr'><strong>frigidis</strong></span> <span class='ocrx_word' id='word_1_94' title='bbox 1365 1259 1454 1295; x_wconf 88' lang='lat' dir='ltr'><strong>iocis</strong></span> 
     </span>
     <span class='ocr_line' id='line_1_16' title="bbox 173 1333 833 1382; baseline 0.002 -13"><span class='ocrx_word' id='word_1_95' title='bbox 173 1333 302 1371; x_wconf 86' lang='lat' dir='ltr'><strong>arbitri</strong></span> <span class='ocrx_word' id='word_1_96' title='bbox 331 1334 493 1382; x_wconf 88' lang='lat' dir='ltr'><strong>Dionysi</strong></span> <span class='ocrx_word' id='word_1_97' title='bbox 521 1335 574 1371; x_wconf 91' lang='lat' dir='ltr'><strong>ita</strong></span> <span class='ocrx_word' id='word_1_98' title='bbox 601 1334 833 1382; x_wconf 87' lang='lat' dir='ltr'><strong>respondet:</strong></span> 
     </span>
    </p>
   </div>
   <div class='ocr_carea' id='block_1_5' title="bbox 437 1407 1171 1455">
    <p class='ocr_par' dir='ltr' id='par_1_7' title="bbox 437 1407 1171 1455">
     <span class='ocr_line' id='line_1_17' title="bbox 437 1407 1171 1455; baseline -0.003 -9"><span class='ocrx_word' id='word_1_99' title='bbox 437 1409 606 1452; x_wconf 78' lang='grc' dir='ltr'><strong>Διόνυσε,</strong></span> <span class='ocrx_word' id='word_1_100' title='bbox 636 1411 742 1451; x_wconf 80' lang='grc' dir='ltr'><em>πίνεις</em></span> <span class='ocrx_word' id='word_1_101' title='bbox 770 1408 855 1446; x_wconf 79' lang='grc' dir='ltr'><em>οἶνον</em></span> <span class='ocrx_word' id='word_1_102' title='bbox 884 1408 944 1445; x_wconf 70' lang='grc' dir='ltr'><strong>οὐκ</strong></span> <span class='ocrx_word' id='word_1_103' title='bbox 975 1407 1171 1455; x_wconf 77' lang='grc' dir='ltr'><em>ἀνθοσμίαν</em></span> 
     </span>
    </p>
   </div>
   <div class='ocr_carea' id='block_1_6' title="bbox 173 1499 985 1546">
    <p class='ocr_par' dir='ltr' id='par_1_8' title="bbox 173 1499 985 1546">
     <span class='ocr_line' id='line_1_18' title="bbox 173 1499 985 1546; baseline 0 -11"><span class='ocrx_word' id='word_1_104' title='bbox 173 1499 365 1546; x_wconf 87' lang='lat' dir='ltr'><strong>Dionyse,</strong></span> <span class='ocrx_word' id='word_1_105' title='bbox 395 1511 471 1535; x_wconf 87' lang='lat' dir='ltr'><strong>non</strong></span> <span class='ocrx_word' id='word_1_106' title='bbox 500 1499 670 1546; x_wconf 83' lang='lat' dir='ltr'><strong>fragrans</strong></span> <span class='ocrx_word' id='word_1_107' title='bbox 700 1500 831 1535; x_wconf 89' lang='lat' dir='ltr'><strong>vinum</strong></span> <span class='ocrx_word' id='word_1_108' title='bbox 858 1505 985 1546; x_wconf 87' lang='lat' dir='ltr'><strong>potas.</strong></span> 
     </span>
    </p>
   </div>
   <div class='ocr_carea' id='block_1_7' title="bbox 169 1610 1453 2408">
    <p class='ocr_par' dir='ltr' id='par_1_9' title="bbox 170 1610 1453 1882">
     <span class='ocr_line' id='line_1_19' title="bbox 225 1610 1453 1658; baseline -0.001 -12"><span class='ocrx_word' id='word_1_109' title='bbox 225 1610 324 1647; x_wconf 88' lang='lat' dir='ltr'><strong>Cum</strong></span> <span class='ocrx_word' id='word_1_110' title='bbox 353 1610 489 1646; x_wconf 91' lang='lat' dir='ltr'><strong>edendi</strong></span> <span class='ocrx_word' id='word_1_111' title='bbox 516 1623 561 1647; x_wconf 89' lang='lat' dir='ltr'><strong>ac</strong></span> <span class='ocrx_word' id='word_1_112' title='bbox 585 1611 739 1647; x_wconf 85' lang='lat' dir='ltr'><strong>bibendi</strong></span> <span class='ocrx_word' id='word_1_113' title='bbox 755 1611 1049 1658; x_wconf 86' lang='lat' dir='ltr'><strong>occupationem</strong></span> <span class='ocrx_word' id='word_1_114' title='bbox 1066 1611 1142 1645; x_wconf 83' lang='lat' dir='ltr'><strong>iam</strong></span> <span class='ocrx_word' id='word_1_115' title='bbox 1160 1611 1316 1646; x_wconf 85' lang='lat' dir='ltr'><strong>missam</strong></span> <span class='ocrx_word' id='word_1_116' title='bbox 1332 1610 1453 1646; x_wconf 72' lang='lat' dir='ltr'><strong>facere</strong></span> 
     </span>
     <span class='ocr_line' id='line_1_20' title="bbox 171 1683 1451 1733; baseline -0.002 -12"><span class='ocrx_word' id='word_1_117' title='bbox 171 1685 381 1733; x_wconf 84' lang='lat' dir='ltr'><strong>possimus,</strong></span> <span class='ocrx_word' id='word_1_118' title='bbox 424 1684 613 1721; x_wconf 89' lang='lat' dir='ltr'><strong>adibimus</strong></span> <span class='ocrx_word' id='word_1_119' title='bbox 654 1685 734 1721; x_wconf 87' lang='lat' dir='ltr'><strong>iam</strong></span> <span class='ocrx_word' id='word_1_120' title='bbox 767 1697 834 1729; x_wconf 89' lang='lat' dir='ltr'><strong>ea,</strong></span> <span class='ocrx_word' id='word_1_121' title='bbox 864 1696 964 1732; x_wconf 90' lang='lat' dir='ltr'><strong>quae</strong></span> <span class='ocrx_word' id='word_1_122' title='bbox 993 1684 1169 1722; x_wconf 86' lang='lat' dir='ltr'><strong>eduntur.</strong></span> <span class='ocrx_word' id='word_1_123' title='bbox 1198 1683 1323 1732; x_wconf 90' lang='lat' dir='ltr'><strong>Saepe</strong></span> <span class='ocrx_word' id='word_1_124' title='bbox 1351 1685 1451 1720; x_wconf 91' lang='lat' dir='ltr'><strong>enim</strong></span> 
     </span>
     <span class='ocr_line' id='line_1_21' title="bbox 172 1759 1450 1807; baseline -0.002 -11"><span class='ocrx_word' id='word_1_125' title='bbox 172 1766 301 1797; x_wconf 91' lang='lat' dir='ltr'><strong>noster</strong></span> <span class='ocrx_word' id='word_1_126' title='bbox 330 1761 451 1796; x_wconf 87' lang='lat' dir='ltr'><strong>varias</strong></span> <span class='ocrx_word' id='word_1_127' title='bbox 479 1772 538 1796; x_wconf 87' lang='lat' dir='ltr'><strong>res</strong></span> <span class='ocrx_word' id='word_1_128' title='bbox 565 1766 765 1807; x_wconf 87' lang='lat' dir='ltr'><strong>comparat</strong></span> <span class='ocrx_word' id='word_1_129' title='bbox 803 1772 892 1796; x_wconf 91' lang='lat' dir='ltr'><strong>cum</strong></span> <span class='ocrx_word' id='word_1_130' title='bbox 920 1760 1006 1796; x_wconf 93' lang='lat' dir='ltr'><strong>cibo</strong></span> <span class='ocrx_word' id='word_1_131' title='bbox 1034 1759 1161 1807; x_wconf 89' lang='lat' dir='ltr'><strong>aliquo</strong></span> <span class='ocrx_word' id='word_1_132' title='bbox 1189 1759 1249 1795; x_wconf 90' lang='lat' dir='ltr'><strong>vel</strong></span> <span class='ocrx_word' id='word_1_133' title='bbox 1277 1759 1450 1795; x_wconf 88' lang='lat' dir='ltr'><strong>obsonio.</strong></span> 
     </span>
     <span class='ocr_line' id='line_1_22' title="bbox 170 1833 1240 1882; baseline -0.001 -11"><span class='ocrx_word' id='word_1_134' title='bbox 170 1836 256 1871; x_wconf 86' lang='lat' dir='ltr'><strong>Pac.</strong></span> <span class='ocrx_word' id='word_1_135' title='bbox 285 1847 330 1871; x_wconf 91' lang='lat' dir='ltr'><strong>vs</strong></span> <span class='ocrx_word' id='word_1_136' title='bbox 374 1842 445 1882; x_wconf 82' lang='grc'><strong>595</strong></span> <span class='ocrx_word' id='word_1_137' title='bbox 477 1834 584 1871; x_wconf 90' lang='lat' dir='ltr'><strong>Deae</strong></span> <span class='ocrx_word' id='word_1_138' title='bbox 611 1835 698 1871; x_wconf 85' lang='lat' dir='ltr'><strong>Paci</strong></span> <span class='ocrx_word' id='word_1_139' title='bbox 726 1846 748 1870; x_wconf 89' lang='lat' dir='ltr'><strong>a</strong></span> <span class='ocrx_word' id='word_1_140' title='bbox 775 1833 893 1871; x_wconf 92' lang='lat' dir='ltr'><strong>choro</strong></span> <span class='ocrx_word' id='word_1_141' title='bbox 922 1834 1060 1870; x_wconf 90' lang='lat' dir='ltr'><strong>blande</strong></span> <span class='ocrx_word' id='word_1_142' title='bbox 1088 1834 1240 1870; x_wconf 90' lang='lat' dir='ltr'><strong>dicitur:</strong></span> 
     </span>
    </p>

    <p class='ocr_par' dir='ltr' id='par_1_10' title="bbox 169 1907 1448 2183">
     <span class='ocr_line' id='line_1_23' title="bbox 331 1907 1294 1960; baseline 0 -14"><span class='ocrx_word' id='word_1_143' title='bbox 331 1914 404 1951; x_wconf 77' lang='grc' dir='ltr'><strong>τοῖς</strong></span> <span class='ocrx_word' id='word_1_144' title='bbox 431 1908 644 1960; x_wconf 77' lang='grc' dir='ltr'><em>ἀγροίκοισιν</em></span> <span class='ocrx_word' id='word_1_145' title='bbox 671 1909 748 1960; x_wconf 73' lang='grc' dir='ltr'><strong>γαρ</strong></span> <span class='ocrx_word' id='word_1_146' title='bbox 776 1907 864 1955; x_wconf 71' lang='grc' dir='ltr'><em>ἦσθα</em></span> <span class='ocrx_word' id='word_1_147' title='bbox 894 1910 1011 1960; x_wconf 71' lang='grc' dir='ltr'><em>χῖδρα</em></span> <span class='ocrx_word' id='word_1_148' title='bbox 1039 1912 1100 1945; x_wconf 78' lang='grc' dir='ltr'><strong>καὶ</strong></span> <span class='ocrx_word' id='word_1_149' title='bbox 1127 1912 1294 1960; x_wconf 67' lang='grc' dir='ltr'><strong>σωτηρία.</strong></span> 
     </span>
     <span class='ocr_line' id='line_1_24' title="bbox 171 1983 1448 2036; baseline 0 -14"><span class='ocrx_word' id='word_1_150' title='bbox 171 1986 287 2036; x_wconf 75' lang='grc' dir='ltr'><em>χῖδρα</em></span> <span class='ocrx_word' id='word_1_151' title='bbox 321 1985 562 2034; x_wconf 90' lang='lat' dir='ltr'><strong>pulmentum</strong></span> <span class='ocrx_word' id='word_1_152' title='bbox 600 1990 681 2022; x_wconf 87' lang='lat' dir='ltr'><strong>erat</strong></span> <span class='ocrx_word' id='word_1_153' title='bbox 716 1997 767 2022; x_wconf 87' lang='lat' dir='ltr'><strong>ex</strong></span> <span class='ocrx_word' id='word_1_154' title='bbox 795 1984 912 2022; x_wconf 81' lang='lat' dir='ltr'><strong>farina</strong></span> <span class='ocrx_word' id='word_1_155' title='bbox 939 1985 1084 2022; x_wconf 89' lang='lat' dir='ltr'><strong>triticea</strong></span> <span class='ocrx_word' id='word_1_156' title='bbox 1111 1991 1289 2034; x_wconf 84' lang='lat' dir='ltr'><strong>paratum</strong></span> <span class='ocrx_word' id='word_1_157' title='bbox 1318 1983 1448 2036; x_wconf 65' lang='grc' dir='ltr'><em>(μᾶζα</em></span> 
     </span>
     <span class='ocr_line' id='line_1_25' title="bbox 169 2060 1448 2108; baseline 0 -11"><span class='ocrx_word' id='word_1_158' title='bbox 169 2067 300 2097; x_wconf 86' lang='lat' dir='ltr'><strong>autem</strong></span> <span class='ocrx_word' id='word_1_159' title='bbox 342 2073 392 2096; x_wconf 88' lang='lat' dir='ltr'><strong>ex</strong></span> <span class='ocrx_word' id='word_1_160' title='bbox 433 2061 550 2096; x_wconf 88' lang='lat' dir='ltr'><strong>farina</strong></span> <span class='ocrx_word' id='word_1_161' title='bbox 590 2060 803 2097; x_wconf 87' lang='lat' dir='ltr'><strong>hordeacea</strong></span> <span class='ocrx_word' id='word_1_162' title='bbox 847 2061 1033 2108; x_wconf 86' lang='lat' dir='ltr'><strong>paratur.)</strong></span> <span class='ocrx_word' id='word_1_163' title='bbox 1075 2061 1268 2108; x_wconf 83' lang='lat' dir='ltr'><strong>Compara</strong></span> <span class='ocrx_word' id='word_1_164' title='bbox 1297 2068 1448 2098; x_wconf 78' lang='lat' dir='ltr'><strong>nostra:</strong></span> 
     </span>
     <span class='ocr_line' id='line_1_26' title="bbox 169 2133 864 2183; baseline 0 -12"><span class='ocrx_word' id='word_1_165' title='bbox 169 2134 440 2183; x_wconf 61' lang='lat' dir='ltr'><strong>broodnoodzg,</strong></span> <span class='ocrx_word' id='word_1_166' title='bbox 478 2133 596 2171; x_wconf 85' lang='lat' dir='ltr'><strong>brood</strong></span> <span class='ocrx_word' id='word_1_167' title='bbox 626 2134 691 2171; x_wconf 81' lang='lat' dir='ltr'><strong>des</strong></span> <span class='ocrx_word' id='word_1_168' title='bbox 729 2133 864 2171; x_wconf 68' lang='lat' dir='ltr'><strong>levans.</strong></span> 
     </span>
    </p>

    <p class='ocr_par' dir='ltr' id='par_1_11' title="bbox 170 2210 1449 2322">
     <span class='ocr_line' id='line_1_27' title="bbox 222 2210 1449 2258; baseline 0.001 -12"><span class='ocrx_word' id='word_1_169' title='bbox 222 2210 340 2246; x_wconf 90' lang='lat' dir='ltr'><strong>Paulo</strong></span> <span class='ocrx_word' id='word_1_170' title='bbox 379 2215 488 2255; x_wconf 89' lang='lat' dir='ltr'><strong>ante,</strong></span> <span class='ocrx_word' id='word_1_171' title='bbox 526 2222 582 2247; x_wconf 86' lang='lat' dir='ltr'><strong>vs.</strong></span> <span class='ocrx_word' id='word_1_172' title='bbox 616 2210 686 2256; x_wconf 87' lang='lat'><strong>565</strong></span> <span class='ocrx_word' id='word_1_173' title='bbox 726 2211 956 2246; x_wconf 89' lang='lat' dir='ltr'><strong>Mercurium</strong></span> <span class='ocrx_word' id='word_1_174' title='bbox 984 2222 1060 2246; x_wconf 91' lang='lat' dir='ltr'><strong>non</strong></span> <span class='ocrx_word' id='word_1_175' title='bbox 1091 2211 1306 2247; x_wconf 90' lang='lat' dir='ltr'><strong>inconsulto</strong></span> <span class='ocrx_word' id='word_1_176' title='bbox 1333 2218 1449 2258; x_wconf 87' lang='lat' dir='ltr'><strong>poeta</strong></span> 
     </span>
     <span class='ocr_line' id='line_1_28' title="bbox 170 2284 591 2322; baseline 0.002 -2"><span class='ocrx_word' id='word_1_177' title='bbox 170 2284 257 2322; x_wconf 85' lang='lat' dir='ltr'><strong>facit</strong></span> <span class='ocrx_word' id='word_1_178' title='bbox 285 2284 591 2322; x_wconf 88' lang='lat' dir='ltr'><strong>exclamantem:</strong></span> 
     </span>
    </p>

    <p class='ocr_par' dir='ltr' id='par_1_12' title="bbox 275 2358 1303 2408">
     <span class='ocr_line' id='line_1_29' title="bbox 275 2358 1303 2408; baseline 0.002 -12"><span class='ocrx_word' id='word_1_179' title='bbox 275 2359 302 2396; x_wconf 77' lang='grc' dir='ltr'><em>ὦ</em></span> <span class='ocrx_word' id='word_1_180' title='bbox 332 2358 520 2403; x_wconf 78' lang='grc' dir='ltr'><em>Πόσειδον,</em></span> <span class='ocrx_word' id='word_1_181' title='bbox 549 2362 594 2402; x_wconf 83' lang='grc' dir='ltr'><strong>ὡς</strong></span> <span class='ocrx_word' id='word_1_182' title='bbox 620 2360 731 2398; x_wconf 81' lang='grc' dir='ltr'><em>καλὸν</em></span> <span class='ocrx_word' id='word_1_183' title='bbox 758 2361 799 2398; x_wconf 78' lang='grc' dir='ltr'><strong>τὸ</strong></span> <span class='ocrx_word' id='word_1_184' title='bbox 827 2360 955 2408; x_wconf 71' lang='grc' dir='ltr'><em>στῖφος</em></span> <span class='ocrx_word' id='word_1_185' title='bbox 982 2361 1101 2397; x_wconf 74' lang='grc' dir='ltr'><em>αὐτῶν</em></span> <span class='ocrx_word' id='word_1_186' title='bbox 1129 2361 1303 2408; x_wconf 76' lang='grc' dir='ltr'><em>φαίνεται</em></span> 
     </span>
    </p>
   </div>
   <div class='ocr_carea' id='block_1_8' title="bbox 274 2434 1341 2487">
    <p class='ocr_par' dir='ltr' id='par_1_13' title="bbox 274 2434 1341 2487">
     <span class='ocr_line' id='line_1_30' title="bbox 274 2434 1341 2487; baseline 0.001 -15"><span class='ocrx_word' id='word_1_187' title='bbox 274 2437 339 2471; x_wconf 71' lang='grc' dir='ltr'><strong>καὶ</strong></span> <span class='ocrx_word' id='word_1_188' title='bbox 363 2435 488 2473; x_wconf 78' lang='grc' dir='ltr'><em>πυκνὸν</em></span> <span class='ocrx_word' id='word_1_189' title='bbox 516 2436 580 2473; x_wconf 72' lang='grc' dir='ltr'><strong>καὶ</strong></span> <span class='ocrx_word' id='word_1_190' title='bbox 604 2436 739 2487; x_wconf 78' lang='grc' dir='ltr'><em>γοργὸν</em></span> <span class='ocrx_word' id='word_1_191' title='bbox 767 2438 879 2484; x_wconf 76' lang='grc' dir='ltr'><em>ὥσπερ</em></span> <span class='ocrx_word' id='word_1_192' title='bbox 908 2434 1016 2485; x_wconf 73' lang='grc' dir='ltr'><strong>μᾶζα</strong></span> <span class='ocrx_word' id='word_1_193' title='bbox 1044 2438 1106 2473; x_wconf 75' lang='grc' dir='ltr'><strong>καὶ</strong></span> <span class='ocrx_word' id='word_1_194' title='bbox 1134 2437 1341 2474; x_wconf 74' lang='grc' dir='ltr'><em>πανδαισία.</em></span> 
     </span>
    </p>
   </div>
  </div>
 </body>
</html>
