1619 2759
775 119 820 165 85

187 327 572 366 METAPHORAE
590 327 823 366 PETITAE
844 328 919 366 EX
939 328 1164 367 OPIFICIO
1186 328 1406 377 ALIQUO.

212 455 399 493 Plurimae
440 456 552 493 huius
587 457 736 505 generis
774 457 958 505 imagines
996 462 1198 494 occurrunt
1235 457 1272 493 in
1309 456 1436 493 fabula

160 531 366 580 Equitum,
404 532 441 568 in
477 544 555 580 qua
591 531 669 569 duo
707 531 890 577 artifices,
925 532 1103 569 coriarius
1130 544 1176 569 ac
1204 531 1435 577 botularius,

159 607 301 655 primas
341 612 469 655 partes
504 613 622 655 agant
661 613 778 655 atque
819 607 993 644 videlicet
1033 620 1147 655 saepe
1183 607 1234 644 ab
1257 608 1347 655 ipsis
1374 607 1434 643 vel

159 681 240 717 aliis
265 681 314 717 ad
341 693 474 717 eorum
502 680 695 730 opificium
723 681 923 718 alludatur.

212 757 286 805 Eq.
312 769 371 793 VS.
399 765 450 803 47
481 768 578 792 unus
605 768 801 793 servorum
830 762 977 793 narrat:

317 831 336 866 ὁ
362 828 708 880 βυρσοπαφλαγὼν,
737 830 916 867 ὑποπεσὼν
944 829 1005 867 τὸν
1032 830 1222 875 δεσπότην,
1257 839 1261 844 ’

318 894 463 942 ᾔκαλλ’,
488 894 641 939 ἐθώπευ’,
671 895 867 940 ἐκολάκευ’,
896 896 1066 943 ἐξηπάτα

317 965 592 1010 κοσκυλματίοις
619 964 763 1014 ἄκροισι.

160 1037 307 1075 Ultima
357 1037 475 1074 verba
525 1044 641 1086 poeta
689 1038 773 1088 παρ’
816 1039 977 1075 ὑπόνοιαν
1017 1039 1107 1075 dicit
1147 1051 1217 1087 pro
1258 1042 1436 1089 λογαριόις

162 1114 306 1162 ἄκροισι.
338 1135 390 1139 --
418 1113 697 1160 κοσκυλμάτιατ
735 1116 805 1150 τῶν
842 1113 981 1164 βυρσῶν
1016 1116 1245 1164 σμικρότατα
1274 1117 1436 1164 περικόμ-

160 1201 282 1234 ματα.
311 1187 450 1238 (Suid.)

212 1262 281 1300 Vs.
308 1272 385 1309 214
409 1262 510 1299 idem
533 1275 665 1299 servus
689 1263 919 1300 botularium
943 1262 1017 1300 hoc
1046 1263 1162 1300 modo
1189 1263 1436 1301 exhortatur:

322 1336 487 1387 τάραττε
515 1339 579 1373 καὶ
603 1337 745 1387 χόρδευ’
775 1338 865 1384 ὁμοῦ
892 1336 942 1374 τοὶ
971 1337 1186 1388 πράγματα

319 1404 491 1447 ἅπαντα,
519 1406 583 1441 καὶ
609 1404 670 1441 τὸν
697 1404 809 1451 δῆμον
836 1403 894 1441 ἀεὶ
922 1406 1105 1455 προσποιοῦ

319 1472 588 1517 ὑπογλυκαίνων
613 1473 800 1522 ῥηματίοις
833 1476 1067 1522 μαγειρικοῖς.

160 1546 288 1582 omnia
316 1546 489 1583 disturba
516 1558 562 1583 ac
588 1546 753 1591 disseca,
792 1551 991 1594 tamquam
1025 1558 1177 1583 carnem
1206 1547 1254 1583 ad
1283 1546 1437 1583 botulos

161 1620 373 1665 faciendos,
402 1626 464 1657 cet

212 1695 280 1732 Vs.
313 1704 388 1742 314
416 1693 612 1743 Paphlago
645 1694 857 1732 exclamat:

293 1768 356 1807 οἷδ’
385 1769 459 1816 ἐγὼ
486 1770 528 1807 τὸ
555 1772 717 1820 πρᾶγμα
745 1768 837 1806 τοῦθ’
867 1768 940 1806 ὅθεν
968 1770 1085 1806 παλαι
1112 1772 1333 1816 καττύεται,

163 1845 250 1882 novi
279 1845 380 1882 unde
407 1857 467 1882 res
494 1850 713 1883 consuatur.

186 1920 273 1956 Bot.
302 1920 335 1956 εἰ
358 1920 396 1956 δὲ
423 1921 476 1966 μὴ
504 1921 547 1955 σύ
573 1920 614 1965 γ’
643 1918 741 1956 οἶσθα
768 1919 945 1966 κάττυμ’,
975 1919 1045 1955 οὐδ’
1072 1918 1145 1964 ἐγὼ
1170 1920 1436 1968 χορδεύματα,

294 1988 389 2028 ὅστις
415 1986 621 2034 ὑποτέμνων
650 1985 793 2028 ἐπώλεις
820 1986 937 2037 δέρμα
966 1984 1148 2036 μοχθηροῦ
1174 1985 1257 2033 βοὸς

293 2057 365 2095 τοῖς
393 2052 606 2104 ἀγροίκοισιν
635 2055 862 2104 πανούργως,
890 2056 983 2090 ὥστε
1011 2052 1201 2099 Φαίνεσθαι
1228 2054 1355 2100 παχι),

293 2121 357 2157 καί
382 2121 459 2171 πρὶν
485 2120 623 2171 ἡμέραν
650 2118 804 2170 Φορῆσαι
852 2118 975 2172 μεῖζον
1001 2117 1041 2164 ἦν
1067 2120 1158 2156 δυοῖν
1186 2120 1361 2167 δοχμαῖν.

160 2195 373 2232 Scholiasta
411 2195 521 2231 nobis
557 2201 685 2245 narrat
720 2196 954 2240 καττύματα
983 2194 1102 2230 solida
1139 2195 1241 2230 coria
1278 2207 1362 2231 esse
1388 2197 1438 2231 ad

161 2270 350 2308 faciendas
377 2270 520 2316 soleas,
547 2270 595 2307 de
622 2282 717 2307 voce
745 2270 955 2316 ὑποτέμνειν
983 2274 1114 2306 autem
1142 2275 1325 2307 annotat:
1349 2271 1438 2306 ὅταν

160 2343 237 2394 γαρ
274 2344 474 2391 ὑποτέμνῃ,
513 2345 720 2393 παχύτερον
758 2342 951 2389 φαίνεται,
982 2340 1229 2392 ἀσθενέστερον
1265 2344 1306 2379 δέ
1332 2344 1438 2386 ἐστιν,

160 2418 315 2467 oblique
351 2431 479 2457 secare
516 2419 569 2456 ita
596 2425 639 2457 ut
666 2418 765 2456 exile
791 2418 935 2457 corium
963 2417 1127 2457 solidum
1158 2418 1343 2456 videatur.
