1619 2759
787 145 838 182 99

752 301 853 336 VIII.

217 410 329 462 Caes.
359 411 397 447 d.
434 411 478 446 Β.
507 410 554 462 G.
583 410 659 456 IV,
688 410 724 454 6,
756 419 803 457 5:

218 483 456 532 Principibus
489 484 635 521 Galliae
661 486 836 533 evocatis,
858 485 998 523 Caesar
1024 498 1089 531 ea,
1121 499 1220 535 quae
1247 499 1444 535 cognove-

164 563 244 603 rat,
275 558 547 595 dissimulanda
573 559 644 595 sibi
671 559 916 596 existimavit.

218 634 291 669 Pro
320 634 540 680 „evocatis”
568 635 717 682 legatur
745 634 1027 680 „convocatis'’.

775 761 841 796 IX.

220 858 422 900 Demosth.
466 864 659 910 XXXVI,
691 874 711 912 3
741 876 811 913 pro
840 863 955 910 ἐπειδὴ
984 863 1103 915 φέρειν
1131 863 1255 902 τοῦτον
1281 865 1351 913 οὐχ
1379 866 1445 908 οἷός

165 938 201 974 τ’
233 938 328 981 ἐστὶ,
357 939 582 987 legendum:
612 939 640 976 ε’.
670 940 713 985 φ.
744 940 853 976 αὐτὸν
879 939 979 981 οὗτος
1004 953 1038 976 κ.
1067 954 1102 976 τ.
1131 941 1172 976 ἑ..

790 1075 837 1110 Χ.

218 1184 312 1221 Ibid.
344 1185 365 1221 8
394 1197 464 1232 pro
493 1186 638 1226 τούτους
665 1185 858 1231 ἐξελόντας
885 1185 1058 1233 legatur:
1088 1188 1202 1231 τούτῳ
1230 1190 1272 1222 ε’..

772 1318 837 1353 XI.

220 1428 332 1464 Isocr.
376 1429 451 1472 IV,
497 1430 543 1475 38
586 1429 703 1464 verba
732 1428 882 1477 ,τρᾱφὴν
926 1432 998 1469 τοῖς
1036 1429 1212 1474 δεομέναις
1250 1430 1356 1479 εὑρεῖν
1383 1431 1445 1466 eii-

161 1503 301 1539 cienda
331 1510 431 1540 sunt.

759 1624 842 1658 XII.

218 1732 312 1769 Ibid.
342 1742 388 1779 91
421 1745 491 1780 pro
521 1733 620 1779 ἡμᾶς
652 1736 702 1778 τῷ
730 1734 876 1779 πολέμῳ
903 1735 1081 1781 κρατῆσαι
1110 1732 1335 1781 legendum:
1364 1733 1446 1775 τούς

162 1806 361 1850 ‘'Em-mm
387 1821 421 1843 κ.
450 1821 485 1843 τ.
514 1808 556 1843 ἑ..

760 1927 862 1962 XIII.

217 2036 312 2073 Ibid.
347 2045 417 2083 107
446 2049 516 2085 pro
544 2038 592 2078 εἰς
620 2037 690 2078 τοὶς
716 2036 963 2087 ἑρημουμένκς
986 2041 1056 2073 τῶν
1071 2036 1444 2084 πόλεωνῙεξθηάυηῑε

163 2110 195 2147 ἐ.
224 2125 259 2148 τ.
289 2110 528 2161 ἠρημωμένας
557 2125 593 2148 τ.
622 2126 672 2148 π..

758 2231 863 2266 XIV.

220 2341 313 2378 Ibid.
349 2349 416 2388 151
448 2341 565 2378 verba
595 2342 639 2380 ὡς
667 2341 712 2378 ἂν
739 2339 907 2391 ἅνθρωποι
937 2340 1109 2386 μάλιστα
1139 2340 1208 2381 τοὶς
1232 2339 1357 2386 φύσεις
1371 2340 1447 2375 δια-

163 2414 334 2466 φθαρεῖεν
366 2416 527 2453 delenda
554 2422 655 2454 sunt.
