1619 2759
789 143 839 185 34

173 260 264 300 Sine
303 261 422 299 dubio
464 266 582 311 poeta
608 260 670 299 hic
696 262 888 299 cornicem
917 261 1013 308 vult,
1041 260 1195 311 qualem
1232 261 1341 310 pueri
1367 272 1456 309 cap-

172 343 261 376 tant
288 349 333 375 ac
361 337 570 375 decurtatis
597 337 732 385 pennis
759 337 866 373 domi
895 337 1004 374 alunt
1032 342 1075 374 ut
1101 337 1205 384 loqui
1232 336 1362 372 discat.

226 457 270 493 In
298 456 472 506 episodio
499 455 564 492 illo
590 456 668 493 iam
696 456 849 504 saepius
876 460 1200 498 commemorato,
1229 454 1294 491 ubi
1327 465 1457 502 super-

171 532 342 569 stitiosos
369 531 428 568 sui
461 531 646 580 temporis
674 530 851 568 homines
878 536 918 568 et
945 537 1067 569 artem
1095 534 1165 568 τῶν
1192 532 1459 582 χρησμολόγων

171 607 398 644 facetissime
437 606 585 644 deridet
622 607 814 652 comicus,
843 619 900 643 vs.
935 617 1035 645 1020
1067 619 1091 644 a
1126 607 1268 645 Cleone
1302 605 1456 643 dicitur:

171 681 281 729 „Nisi
307 693 443 718 canem
472 680 625 718 fidelem
653 687 765 719 tuum
793 686 1014 719 servaturus
1042 694 1103 728 es,
1134 680 1345 724 ἀπολεῖται,

331 757 457 794 πολλοὶ
479 755 557 806 γαρ
584 758 681 803 μίσει
709 754 782 802 σφε
809 754 1082 806 κατακρώζουσι
1108 759 1245 794 κολοιοί.

171 839 310 887 „Multi
336 840 438 877 enim
467 845 602 877 contra
631 851 721 876 eum
748 839 936 877 crocitant
973 839 1117 888 graculi
1151 840 1240 877 odio
1277 839 1455 877 incensi.'’

222 913 420 951 Botulario
446 913 563 961 paulo
591 919 681 961 post
709 918 953 949 asseverante
987 925 1076 949 eum
1104 914 1347 950 vinciendum
1374 926 1458 949 esse

171 990 207 1026 ἐν
259 990 532 1039 πεντεσυρίγγῳ
580 988 699 1036 ξύλῳ,
747 989 785 1025 in
836 988 940 1037 ligno
992 989 1161 1038 quinque
1209 989 1456 1027 foraminibus

169 1069 349 1111 pertuso,
378 1062 577 1111 Paphlago
605 1075 682 1100 non
710 1064 913 1101 deterritus
941 1064 1087 1112 pergit:
1114 1063 1187 1115 (vs.
1223 1063 1338 1114 1051)

276 1145 329 1192 μὴ
357 1143 484 1181 πείθου·
512 1143 683 1195 Φθονεραὶ
706 1144 784 1195 γοὶρ
813 1143 1037 1195 ἐπικρώζουσι
1063 1148 1220 1196 κορῶναι.

277 1218 364 1259 ἀλλ’
393 1221 519 1271 ἱέρακα
548 1219 669 1267 φίλει,
699 1221 931 1267 μεμνημένος
960 1219 996 1256 ἐν
1022 1219 1148 1271 φρεσὶν
1175 1223 1220 1262 ὥς
1247 1233 1299 1257 σοι

276 1297 406 1342 ἤγαγε
433 1296 610 1341 συνδήσας
639 1293 944 1343 Λακεδαιμονίων
971 1298 1182 1346 κορακίνους.

171 1384 323 1422 Alludit
351 1385 532 1421 nimirum
560 1385 610 1421 ad
637 1385 970 1433 expugnationem
997 1384 1255 1434 Sphacteriae.

223 1459 316 1508 Lys.
346 1471 402 1497 vs.
434 1459 513 1507 694
540 1458 679 1496 chorus
708 1458 910 1495 mulierum
939 1460 1117 1496 conviciis
1141 1471 1276 1496 senum
1301 1472 1456 1496 exacer-

170 1533 285 1570 batus
314 1533 502 1569 minatur:

276 1616 322 1656 ὡς
349 1615 382 1650 εἰ
405 1616 470 1651 καί
495 1616 603 1661 μόνον
629 1617 748 1655 κακῶς
776 1614 818 1661 μ’
848 1613 954 1660 ἐρεῖς,
986 1614 1174 1664 ὑπερχολῶ
1201 1613 1297 1664 γαρ,

276 1687 384 1726 ἀετὸν
411 1691 585 1726 τίκτοντα
611 1687 786 1739 κάνθαρός
813 1701 853 1725 σε
881 1689 1117 1735 μαιεύσομαι.

170 1771 369 1810 Sententia
389 1771 502 1809 huius
524 1757 727 1809 locutionis
750 1771 965 1820 explicatur
994 1771 1101 1808 Pacis
1134 1783 1246 1809 versu
1281 1781 1352 1819 129
1379 1783 1453 1819 sq.:

276 1857 313 1890 ὲν
341 1857 450 1890 τοῖσιν
478 1853 651 1890 Αἰσώπου
678 1856 801 1899 λόγοις
832 1852 995 1903 ἐξηυρέθη
1024 1852 1269 1903 (scarabaeus
1297 1854 1392 1902 scil.)

276 1929 382 1974 μόνος
409 1930 569 1973 πετηνῶν
597 1926 632 1969 ἐς
660 1926 755 1969 θεούς
781 1924 1003 1974 ἀφιγμένος.

277 1999 380 2046 ἦλθεν
406 2002 493 2039 κατ’
523 2000 661 2052 ἔχθραν
690 2000 801 2039 ἀετοῦ
829 2002 946 2038 πάλαι
972 2001 1080 2044 ποτε,

277 2074 315 2121 ᾤ’
346 2074 554 2113 ἐκκυλίνδων
580 2073 959 2126 κάντιτιμωρούμενος.

226 2193 383 2232 Seriem-
421 2194 735 2244 metaphorarum
785 2207 838 2233 ex
886 2196 1017 2233 avium
1067 2207 1208 2244 genere
1247 2196 1455 2244 petitarum

174 2269 403 2306 concludam
430 2270 647 2318 fragmento
675 2280 748 2317 94,
777 2271 882 2319 quod
909 2270 1004 2308 haec
1031 2272 1149 2308 verba
1175 2273 1365 2309 continet:

284 2349 399 2398 ὀσφῦν
426 2352 457 2388 δ’
488 2351 530 2399 ἐξ
559 2353 676 2402 ἄκρων
703 2352 945 2399 διακίγκλισον
973 2353 1057 2398 ἠύτε
1084 2356 1233 2400 κίγκλος

283 2405 408 2476 ἀνδρὸς
434 2425 647 2476 πρεσβύτου·
675 2427 791 2463 τελέει
805 2425 853 2477 (?)
880 2426 912 2464 δ’
939 2426 1085 2474 ἀγαθὴν
1113 2426 1287 2473 ἐπαοιδήν.
