1619 2759
490 795 1132 857 PRAEFATIO.

224 1105 335 1143 ’Ἐστι
377 1106 415 1143 δὲ
451 1105 644 1153 §bam-occsa
684 1108 703 1151 ἡ
738 1106 802 1143 ὑπὸ
837 1109 900 1152 τῆς
929 1107 1013 1143 κατ’
1046 1105 1227 1156 ἐνέργειαν
1257 1104 1446 1151 αἰσθήσεως

169 1181 367 1227 γιγνομένη
394 1183 534 1225 κίνησις.

224 1254 335 1291 ’Έστι
363 1255 400 1291 δὲ
428 1259 491 1291 καί
512 1256 531 1300 ἡ
560 1256 658 1291 εἰκὼν
675 1253 900 1305 μεταφοραί.

1030 1323 1337 1359 ARISTOTELES.

220 1480 319 1518 Cum
368 1481 598 1529 percipimus
648 1480 789 1528 aliquid
839 1479 957 1517 oculis
1008 1480 1146 1521 nostris
1188 1479 1249 1516 vel
1291 1479 1446 1515 auribus

167 1555 292 1592 aliove
341 1568 475 1601 sensu,
526 1568 641 1603 saepe
690 1555 733 1592 fit
784 1561 826 1592 ut
866 1556 903 1591 in
944 1568 989 1591 ea
1033 1567 1093 1600 re,
1137 1567 1237 1603 quae
1277 1560 1447 1592 mentem

169 1636 338 1668 nostram
376 1631 477 1676 ferit,
515 1631 563 1668 sit
598 1630 758 1678 aliquid,
788 1630 894 1679 quod
921 1630 1015 1667 alius
1043 1630 1094 1667 rei
1123 1642 1192 1667 nos
1218 1630 1445 1676 admoneat,

167 1707 219 1742 ita
260 1712 302 1742 ut
338 1705 437 1755 hanc
477 1717 556 1741 rem
599 1705 726 1742 subito
767 1706 940 1742 sensibus
981 1706 1097 1742 animi
1139 1706 1279 1751 nostri,
1323 1711 1366 1742 ut
1393 1706 1446 1742 ita

166 1780 311 1825 dicam,
340 1779 466 1816 videre
493 1780 553 1816 vel
580 1780 709 1816 audire
735 1780 795 1816 vel
822 1785 978 1828 gustare
1001 1780 1199 1817 videamur
1233 1780 1304 1817 Vis
1329 1780 1446 1816 animi

167 1856 303 1900 nostri,
354 1868 430 1903 qua
474 1855 548 1892 hoc
588 1855 710 1892 facere
750 1867 976 1904 possumus,
1020 1856 1222 1893 vernacule
1262 1862 1443 1893 vocatur:

164 1929 424 1978 verbeelding,
464 1943 564 1979 quae
599 1943 687 1968 cum
723 1932 790 1968 vix
828 1931 891 1968 ulli
916 1930 1117 1968 hominum
1145 1932 1302 1968 omnino
1330 1932 1445 1968 dene-

165 2012 258 2054 gata
285 2007 353 2048 sit.
383 2006 488 2055 apud
515 2011 651 2055 poetas
679 2007 849 2043 maxime
875 2007 991 2055 viget.

217 2082 369 2119 Eadem
406 2083 462 2119 vis
497 2083 613 2119 animi
650 2082 763 2120 efficit
800 2089 843 2120 ut
870 2083 1018 2128 omnia,
1049 2095 1148 2131 quae
1175 2088 1292 2131 poeta
1319 2082 1442 2128 videt,

165 2156 341 2204 pulchr0,
382 2163 425 2194 ut
461 2158 514 2193 ita
540 2157 685 2202 dicam,
715 2157 857 2193 lumine
884 2157 1025 2194 suffusa
1054 2158 1087 2193 ei
1111 2157 1323 2193 videantur.
1355 2157 1444 2206 Quo

149 2234 248 2279 quis
278 2237 408 2269 autem
437 2233 580 2269 maiore
616 2232 833 2269 huiusmodi
861 2233 898 2269 vi
927 2238 985 2269 est
1012 2232 1227 2281 praeditus,
1256 2244 1334 2280 quo
1361 2232 1444 2281 pul-

163 2306 310 2344 chriora
346 2308 474 2345 omnia
512 2319 613 2357 quae
650 2307 768 2345 oculis
801 2307 1043 2357 amplectitur
1071 2308 1104 2344 ei
1133 2320 1216 2345 esse
1243 2307 1441 2354 videntur,

162 2396 241 2430 quo
284 2384 410 2431 plures
451 2396 510 2420 res
546 2385 582 2421 in
620 2385 700 2420 eius
740 2385 869 2421 animo
905 2384 1076 2435 aliarum>
1097 2396 1222 2421 rerum
1258 2385 1442 2432 imagines

162 2458 366 2503 suscitant,
406 2470 452 2495 eo
489 2459 613 2507 aptior
651 2459 747 2495 illius
779 2458 924 2496 indoles
952 2465 1010 2496 est
1035 2460 1151 2507 poesi.
1182 2459 1323 2495 Divino
1350 2471 1441 2495 vero

1261 2537 1271 2558 l
