1619 2759
796 104 840 141 13

187 226 299 268 rogat
334 232 412 268 quo
440 219 614 256 vehiculo
642 220 713 255 iter
740 219 789 255 sit
815 218 1068 266 perfecturus,
1099 217 1324 265 respondet:

403 330 532 375 πτηνὸς
558 331 714 380 πορεύσει
741 332 866 371 πῶλος·
895 329 933 366 οὐ
961 327 1247 376 ναυσθλώσομαι.

290 441 322 476 F
325 441 358 478 il.
389 441 563 488 „Pegaso
591 440 704 487 igitur
732 439 874 477 utere'’.

289 560 354 598 Tr.
398 558 484 596 ἀλλ’
514 559 540 596 ὦ
569 560 653 607 μέλ’
682 561 728 596 ἄν
756 574 817 607 μοι
843 562 961 597 σιτίων
989 560 1119 597 διπλῶν
1147 560 1225 598 ἔδει.

407 636 465 671 νῦν
494 634 615 672 δ’ἅττ’
640 634 686 672 ὀὲν
714 635 823 676 αὐτὸς
850 633 1071 682 καταφάγω
1100 635 1150 671 τοὶ
1177 638 1295 677 σιτία,

398 712 550 746 τούτοισι
578 713 650 751 τοῖς
678 709 815 746 αὑτοῖσι
842 711 968 746 τοῦτον
995 709 1179 759 χορτάσω.

239 841 333 876 Filia
372 846 477 876 metu
514 840 684 876 liberata.
722 839 925 886 Trygaeus
958 839 1028 875 iter
1057 839 1202 886 pergit,
1236 830 1461 874 cantharum

187 914 313 951 denuo
341 913 533 951 versiculis
560 914 713 962 tragicis
741 913 959 951 stimulans:

281 1027 347 1063 Vs.
383 1035 474 1073 154:
504 1025 589 1063 ἀλλ’
619 1028 706 1073 ἄγε,
734 1025 909 1073 Πήγασε,
938 1027 1048 1076 χώρει
1074 1028 1223 1076 χαίρων,

504 1103 780 1151 χρυσοχαλίνων
808 1101 981 1146 πάταγον
1008 1102 1149 1146 ψαλίων

505 1175 708 1218 διακινήσας
736 1173 897 1226 φαιδροῖς
924 1174 1016 1211 ὠσίν.
1057 1181 1129 1212 cet.

241 1280 339 1318 Cum
364 1281 400 1317 in
425 1280 574 1317 coelum
602 1286 828 1329 perventum
857 1286 934 1325 est,
965 1292 987 1316 a
1014 1280 1202 1316 Mercurio
1229 1281 1295 1328 qui
1322 1281 1462 1317 ostiarii

188 1356 269 1392 vice
306 1355 474 1402 fungitur
515 1355 789 1402 interrogatur:
841 1356 944 1391 τουτὶ
978 1359 1016 1390 τί
1051 1353 1125 1390 ἐστι
1162 1353 1202 1390 τὸ
1237 1356 1365 1398 κακόν;
1403 1355 1463 1390 cui

187 1429 353 1476 graviter
390 1429 595 1476 respondet
629 1428 852 1476 Trygaeus:
893 1426 1156 1477 ἱπποκάνθαρος.
1222 1427 1309 1464 Hoc
1345 1427 1463 1464 verbo

189 1515 311 1539 novus
362 1503 530 1551 Pegasus
575 1509 867 1548 exauctoratur,
906 1503 979 1539 sub
1016 1503 1116 1539 Iovis
1148 1502 1243 1539 solio
1279 1503 1460 1551 posthac,

189 1579 218 1614 si
250 1578 401 1614 credere
432 1577 487 1613 fas
519 1583 596 1622 est,
630 1577 786 1614 fulmina
813 1578 1093 1614 ministraturus
1122 1576 1192 1627 (vs.
1224 1576 1329 1627 723).

241 1652 363 1688 Nobis
390 1657 520 1688 autem
547 1652 584 1687 in
611 1651 684 1688 hac
710 1653 1035 1688 commentatione
1061 1651 1110 1687 de
1134 1663 1236 1698 equo
1251 1664 1327 1687 non
1343 1653 1464 1689 multa

189 1725 364 1761 addenda
391 1731 614 1773 supersunt;
647 1725 746 1762 duae
772 1725 964 1763 sufficiunt
990 1726 1354 1764 observatiunculae.

228 1799 326 1837 Ran.
343 1813 397 1836 vs.
416 1810 505 1848 929.
520 1800 721 1849 Euripides
735 1801 853 1837 verba
869 1801 1055 1849 Aeschyli
1070 1808 1205 1839 vocat:
1226 1804 1461 1852 ἱππόκρημνα,

188 1875 293 1922 quod
330 1873 530 1910 mirificum
565 1874 794 1911 adiectivum
831 1875 976 1923 optime
1003 1876 1107 1912 reddi
1135 1876 1284 1913 videtur
1311 1882 1463 1914 nostro:

190 1948 527 1997 „hoogdravend'’.

243 2097 328 2146 Av.,
350 2109 406 2134 vs.
436 2106 524 2145 925.
554 2099 750 2135 mendicus
777 2105 893 2147 poeta
919 2106 1068 2137 cantat:

245 2169 348 2207 ἀλλά
375 2185 429 2213 τις
457 2171 564 2209 ὠκεῖα
593 2171 784 2210 Μουσάων
810 2172 926 2221 φάτις
954 2174 1145 2224 (conditae
1173 2175 1275 2213 urbis
1302 2175 1398 2228 scil.)

243 2245 364 2296 οἷάπερ
392 2248 502 2283 ι”ππων
528 2245 713 2297 ἀμαρυγαὶ
741 2254 864 2285 totam
892 2254 1032 2286 terram
1054 2257 1295 2298 pervagatur.

248 2321 358 2368 Apte
394 2332 482 2358 cum
518 2319 575 2357 his
611 2321 737 2358 verbis
773 2323 985 2370 comparari
1022 2333 1183 2371 possunt
1209 2338 1340 2362 versus
1367 2339 1464 2375 quos

191 2396 364 2432 Lacones
386 2401 543 2432 cantant
570 2396 664 2444 Lys.
692 2409 748 2433 vs.
783 2405 898 2444 1307:
952 2445 956 2449 μ
