1619 2759
772 143 819 179 41

166 259 333 308 aliquem
353 271 535 307 magnam
555 259 633 295 vim
653 258 837 306 pecuniae
851 257 1018 294 furatum
1033 270 1127 303 esse,
1143 258 1262 306 Vesp.
1279 270 1334 294 VS.
1353 267 1443 303 241,

168 332 271 370 hisce
297 333 423 370 verbis
452 324 528 371 u'ti:

301 414 458 464 σίμβλον
484 414 523 452 δὲ
549 412 647 462 Φασὶ
672 414 876 466 χρημάτων
903 416 1001 462 ἔχειν
1029 415 1191 456 ἅπαντες
1219 414 1341 451 αὐτόν.

220 512 366 550 Omnes
393 513 524 549 dicunt
550 512 700 548 alveare
726 512 910 559 pecuniae
937 525 1025 548 eum
1052 512 1206 549 habere.

497 751 678 788 VARIA
706 751 842 787 ALIA
869 750 1113 788 INSECTA.

223 854 324 893 Ach.
367 867 423 891 vs.
470 865 554 903 149.
605 854 721 892 fallax
761 868 807 892 ac
848 861 1051 893 enervatus
1091 855 1241 904 legatus
1258 855 1448 904 speciosis

169 931 294 967 verbis
322 930 552 967 confirmans
588 943 719 979 regem
756 928 943 967 Thraciae
969 931 1241 967 amicissimum
1269 943 1352 967 esse
1379 943 1448 978 po-

170 1006 249 1054 puli
276 1005 593 1051 Atheniensium,
623 1006 645 1042 i.
674 1018 709 1042 a.
737 1006 934 1053 praedicat
960 1005 1054 1042 hoc:

355 1088 373 1124 ὁ
400 1086 431 1123 δ’
459 1089 576 1133 ὤμοσε
603 1087 757 1124 σπένδων
784 1084 986 1135 βοηθήσειν,
1016 1088 1111 1134 ἔχων

356 1161 534 1211 στρατιὰν
561 1162 741 1206 τοσαύτην
766 1161 852 1198 ὥστ’
882 1159 1097 1205 Ἀθηναίους
1126 1160 1223 1210 ἐρεῖν·

358 1237 462 1282 „b‘cou
489 1237 530 1272 τὸ
559 1238 692 1286 χρῆμα
719 1237 903 1286 παρνόπων
935 1234 1210 1285 προσέρχεται.”

227 1317 378 1365 Quibus
404 1317 530 1353 verbis
556 1317 695 1353 auditis
721 1317 965 1364 Dicaeopolis
992 1318 1086 1353 iram
1111 1318 1178 1353 vix
1202 1330 1450 1365 compescens

175 1391 372 1427 mussitat:

389 1465 530 1501 κάκιστ’
559 1463 770 1512 ἀπολοίμην,
798 1467 833 1502 εἴ
854 1479 889 1502 τι
915 1466 1050 1502 τούτων
1077 1464 1242 1512 πείθομαι

387 1538 433 1575 ὧν
458 1538 560 1581 εἶπας
589 1537 732 1576 ἐνταυθὶ
756 1539 821 1582 σι),
849 1539 941 1585 πλὴν
967 1542 1037 1577 τῶν
1065 1542 1261 1591 παρνόπων.

228 1623 378 1671 Legato
414 1623 628 1659 affirmante
665 1629 815 1660 tantam
843 1636 1001 1660 manum
1030 1624 1220 1660 sociorum
1248 1629 1451 1660 venturam

176 1710 259 1734 esse
284 1703 327 1734 ut
341 1697 600 1734 Athenienses
616 1697 866 1735 exclamaturi
885 1699 981 1735 sint:
1006 1698 1157 1747 „Quale
1171 1710 1312 1746 agmen
1329 1698 1453 1735 locus-

176 1771 328 1809 tarum''

331 1800 340 1819 ‚
377 1772 620 1820 Dicaeopolis
657 1773 707 1809 ad
737 1772 884 1809 illarum
927 1772 1175 1809 bestiolarum
1202 1773 1452 1809 voracitatem

177 1847 350 1885 alludens
378 1848 517 1884 ironice
543 1847 653 1884 dicit:
675 1847 829 1894 „Facile
851 1847 986 1884 credo!
1024 1848 1164 1895 Ingens
1178 1860 1318 1895 agmen
1332 1847 1453 1885 homi-

169 1934 269 1958 num
305 1921 564 1959 famelicorum
600 1922 718 1960 veluti
749 1921 983 1959 locustarum
1016 1928 1333 1971 superventurum
1357 1935 1451 1968 esse,

175 1997 281 2044 quod
323 1997 452 2033 omnia
493 2002 624 2033 nostra
664 1998 938 2034 devoraturum
975 1998 1035 2034 sit.
1077 1998 1165 2045 Ipse
1201 2004 1330 2034 autem
1359 2010 1453 2034 mox

177 2071 315 2107 sentiet
342 2082 384 2107 se
412 2082 489 2107 non
518 2070 611 2107 falsa
639 2071 833 2119 profatum
860 2083 962 2117 esse,
990 2083 1079 2108 cum
1106 2071 1157 2108 ab
1183 2072 1263 2108 istis
1290 2072 1453 2120 rapacis-

178 2146 282 2182 simis
311 2144 631 2182 homuncionibus
659 2146 789 2182 allium
816 2146 886 2183 sibi
912 2152 1128 2194 surreptum
1159 2147 1306 2184 viderit.

228 2280 470 2328 Lysistratus
511 2279 582 2331 (ita
619 2287 793 2318 narratur
826 2282 946 2328 Vesp.
974 2293 1029 2316 vs.
1065 2281 1180 2330 1310)
1210 2283 1247 2319 in
1275 2284 1454 2319 convivio

178 2366 309 2391 senem
345 2355 584 2404 comparavit
619 2367 707 2393 cum
744 2354 880 2401 asello,
918 2354 983 2403 qui
1018 2354 1166 2405 aufugit
1193 2357 1230 2393 in
1258 2356 1454 2406 palearum

178 2443 369 2476 acervum,
