1619 2759
794 123 841 161 72

224 238 305 277 εἶτα
335 240 469 286 ξαίνειν
499 239 533 281 ἐς
561 238 787 282 καλαθίσκον,
819 240 931 285 κοινὴν
959 241 1104 282 εὔνοιαν,
1134 239 1328 282 ἅπαντας,

223 316 551 361 καταμειγνύντας
575 316 657 356 τούς
682 328 724 351 τε
752 317 937 361 μετοίκους
953 316 1010 351 κεῖ
1019 328 1072 356 τις
1086 314 1185 361 ξένος
1201 313 1220 358 ἢ
1235 312 1340 360 Φίλος
1355 314 1462 362 ὑμῖνἸ

223 393 281 427 κεῖ
299 403 352 431 τις
379 389 515 435 ὀφείλει
542 392 593 435 τῷ
621 390 794 436 δημοσίῳ,
825 391 888 426 καὶ
911 391 1055 431 τούτους
1084 389 1376 436 ἐγκαταμεῖξαι·

224 467 287 501 καὶ
310 464 349 506 νὴ
380 464 456 500 Διά
472 464 542 505 τας
557 477 604 508 γε
620 466 737 505 πόλεις
750 493 761 510 ,
776 466 902 501 ὁπόσαι
918 468 982 507 τῆς
996 467 1066 510 γῆς
1081 464 1181 509 τῆσδ’
1200 464 1283 500 εἰσὶν
1297 465 1452 506 ἄποικοι,

224 539 501 585 διαγιγνώσκειν
529 539 582 574 ὅτι
610 536 714 594 ταῦθ’
744 539 829 584 ἡμῖν
855 540 969 589 ὥσπερ
993 538 1044 575 τοὶ
1069 538 1313 585 κατάγματα
1337 535 1474 574 κεῖταί

225 616 334 665 χωρὶς
349 614 512 651 ἕκαστον·
531 612 615 659 κᾷτ’
632 612 702 650 ἀπὸ
713 615 848 651 τούτων
859 614 1003 651 πάντων
1013 614 1054 651 τὸ
1065 615 1256 661 κάταγμα
1266 612 1454 661 λαβόντας

223 687 322 739 δεῦρο
350 689 525 736 ξυνάγειν
551 690 614 725 καὶ
640 687 877 739 ξυναθροίζειν
906 690 952 730 εἰς
980 689 1029 732 ἓν,
1058 690 1216 726 κᾶπειτα
1240 691 1378 734 ποιῆσαι

224 767 380 810 τολύπην
405 765 591 811 μεγοέλην,
615 763 700 810 κᾷτ’
727 764 765 802 ἐκ
790 767 928 809 ταύτης
949 767 1000 811 τῷ
1014 765 1115 812 δήμῳ
1130 748 1292 811 χλαιναν
1307 761 1453 810 ὑφῆναι.

169 841 306 877 deinde
347 841 557 877 carminare
600 852 733 876 omnes
776 840 812 876 in
853 840 1079 888 quasillum,
1130 840 1165 876 in
1207 850 1452 876 communem

170 914 476 952 benevolentiam
515 915 619 960 dico,
655 914 857 963 inquilinos
886 927 1043 963 quoque
1071 915 1328 951 immiscentes
1355 919 1394 951 et
1422 914 1452 950 si

168 991 254 1045 qulis
290 989 432 1037 hospes
468 995 536 1026 aut
573 990 719 1026 amicus
747 990 796 1026 sit
822 989 954 1034 vobis;
984 990 1014 1025 si
1042 990 1127 1037 quis
1155 994 1285 1025 autem
1313 988 1453 1025 debeat

168 1065 333 1111 aerario,
370 1064 441 1101 hos
475 1076 630 1112 quoque
667 1065 868 1101 immisceri
905 1069 1079 1112 oportet;
1115 1064 1261 1112 patriae
1300 1067 1465 1101 nostrae*

167 1139 336 1176 colonias
372 1144 526 1184 autem,
565 1144 772 1184 mecastor,
810 1139 928 1176 veluti
964 1138 1154 1187 glomeres
1180 1138 1290 1175 lanae
1317 1138 1451 1175 carmi-

168 1220 282 1250 natae
309 1226 445 1250 omnes
472 1214 594 1250 iacere
621 1219 818 1261 separatas
846 1214 1002 1258 scitote,
1032 1213 1082 1249 ab
1114 1213 1292 1249 omnibus
1320 1218 1449 1249 autem

166 1287 236 1324 illis
276 1293 442 1324 tractum
479 1293 675 1324 sumentes
711 1286 787 1324 huc
814 1287 1002 1324 adducere
1031 1293 1070 1324 et
1107 1288 1144 1323 in
1173 1299 1291 1323 unum
1321 1286 1451 1323 omnia

167 1362 344 1410 colligere
371 1374 441 1398 vos
469 1367 635 1409 oportet,
665 1374 710 1398 ac
733 1362 870 1397 deinde
895 1362 1016 1398 facere
1036 1361 1246 1409 glomerem
1263 1373 1449 1409 magnum

168 1448 220 1472 ex
248 1447 372 1483 eoque
401 1441 533 1472 texere
561 1434 706 1483 populo
734 1435 894 1472 laenam.

219 1539 318 1577 Cum
346 1540 441 1587 Lys.
466 1552 521 1575 vs.
550 1546 625 1587 579
649 1545 687 1577 et
713 1541 789 1586 580
817 1537 873 1589 (et
897 1539 998 1576 Ach.
1025 1552 1080 1577 vs,
1112 1540 1200 1588 112)
1228 1545 1319 1588 apte
1345 1552 1448 1577 com-

166 1614 290 1661 parari
318 1619 481 1661 possunt
515 1613 616 1650 Ach.
643 1626 695 1650 vs.
725 1624 801 1661 319
829 1620 867 1651 et
893 1624 989 1661 320,
1019 1614 1083 1651 ubi
1107 1627 1216 1651 senes
1239 1614 1449 1651 carbonarii

166 1701 206 1724 se
234 1688 396 1724 invicem
425 1688 478 1724 ita
506 1688 542 1724 in
571 1688 884 1736 Dicaeopolidem
913 1688 1182 1726 exhortantur:
1246 1684 1250 1688 ⁴

273 1763 349 1798 εἰπέ
373 1776 451 1809 μοι,
482 1765 521 1799 τί
546 1762 766 1810 Φειδόμεσθα
796 1766 866 1800 τῶν
894 1762 1014 1806 λίθων,
1043 1763 1069 1800 ὦ
1098 1764 1275 1810 δημόται,

272 1830 324 1877 μη
353 1829 391 1867 οὐ
419 1831 658 1877 καταξαίνειν
686 1831 747 1867 τὸν
775 1832 889 1882 ἄνδρα
917 1830 1042 1869 τοῦτον
1066 1833 1101 1873 ἐς
1129 1830 1328 1879 Φοινικίδα;

163 2079 548 2116 METAPHORAE
576 2078 810 2116 PETITAE
837 2080 912 2116 EX
940 2080 1116 2118 REBUS
1144 2082 1447 2119 AMATORHS

554 2146 625 2183 ET
653 2146 1055 2185 NATURALIBUS.

216 2258 290 2305 Eq.
319 2270 363 2293 vs
405 2259 483 2305 736
519 2258 731 2295 botularius
767 2259 936 2295 Demum
973 2266 1174 2309 comparat
1203 2273 1292 2297 cum
1320 2263 1446 2310 pueris

161 2329 320 2378 amatis,
350 2332 544 2399 qui'viros
569 2330 712 2381 probo‘s
735 2340 773 2370 et
796 2334 919 2371 bonos
943 2347 1019 2371 non
1042 2335 1263 2382 admittunt,
1287 2337 1446 2374 sordidis

161 2413 294 2445 autem
321 2406 643 2445 homuncionibus
673 2420 714 2445 se
743 2413 847 2446 totos
876 2409 1040 2447 tradunt¹
