1619 2759
802 124 851 162 92

181 239 296 276 Dion.
337 240 466 289 κόκκυ,
498 236 657 286 μέθεσθε·
686 240 751 276 καὶ
778 242 867 278 πολύ
894 253 941 287 γε
969 239 1160 289 κατωτέρω

340 310 459 357 χωρεῖ
480 306 521 343 τὸ
549 306 664 343 τοῦδε.

179 381 383 437 Euripides
420 386 553 419 autem
574 385 728 430 aspere
764 387 901 430 rogat:
934 384 996 419 καὶ
1031 385 1070 419 τί
1099 380 1177 419 ποτ’
1207 382 1283 418 ἐστὶ
1304 381 1461 423 ταῖτιονς

181 457 241 493 cui
269 456 469 503 Dionysus
496 455 724 504 respondet:

302 531 304 533 ’
339 532 393 568 ὅτι
421 529 574 576 εἰσέθηκε
603 530 790 578 ποταμὸν,
817 529 1042 581 ἐριοπωλικῶς

337 599 445 648 ὑγρὸν
472 599 619 643 ποιήσας
649 599 775 639 τοῦπος
802 600 915 648 ὥσπερ
943 598 1073 648 τᾶρια,

337 665 381 702 σὺ
408 665 439 702 δ’
470 664 652 711 εἰσέθηκας
679 667 807 708 τοῦπος
834 664 1090 716 ἐπτερωμένον.

176 752 330 777 versum
369 740 591 786 madefecit,
629 740 959 789 quemadmodum
986 740 1009 776 ii
1039 741 1104 788 qui
1133 739 1260 776 lanam
1288 738 1458 775 vendunt

178 815 300 851 facere
327 815 452 852 solent
480 821 523 852 ut
551 815 703 864 pondus
731 815 854 852 maius
884 814 1057 851 reddant.

284 1023 668 1063 METAPHORAE
704 1024 939 1062 PETITAE
979 1024 1053 1062 EX
1083 1022 1355 1062 ARTIFICIO

650 1098 981 1137 PISCATORIO.

230 1210 382 1248 Eodem
419 1211 537 1248 modo
576 1224 622 1249 ac
659 1224 730 1248 nos
766 1212 814 1248 de
851 1211 1006 1248 homine
1042 1223 1221 1260 perverso
1249 1212 1313 1259 qui
1343 1211 1462 1248 fallaci

179 1285 297 1323 modo
343 1287 473 1323 omnia
514 1286 716 1334 perturbat
756 1292 799 1324 ut
838 1287 919 1336 ipse
957 1286 1104 1323 lucrum
1146 1286 1275 1331 faciat,
1319 1287 1462 1334 tropice

177 1360 360 1397 dicimus:
400 1360 464 1408 hij
486 1359 615 1398 viselat
641 1360 682 1397 in
708 1359 852 1397 troebel
874 1365 1009 1407 water,
1038 1361 1111 1409 Eq.
1141 1373 1196 1397 vs.
1226 1360 1303 1407 864
1330 1360 1462 1398 Cleoni

181 1435 378 1472 obiicitur:

281 1511 364 1560 ὅπερ
391 1509 469 1559 γαρ
497 1511 529 1546 οἱ
556 1509 625 1551 τοὶς
656 1509 828 1556 ἐγχέλεις
856 1508 1044 1560 θηρώμενοι
1072 1508 1255 1551 πέπονθας.

284 1577 374 1612 ὅταν
401 1576 471 1622 μὲν
498 1577 518 1620 ἡ
548 1578 657 1623 λίμνη
685 1578 878 1623 καταστῇ,
908 1575 1161 1624 λαμβάνουσιν
1184 1576 1301 1620 οὐδὲν,

285 1642 349 1680 εόὶν
376 1643 407 1679 δ’
439 1644 512 1680 ἅνω
540 1657 581 1681 τε
609 1645 673 1680 καὶ
697 1643 799 1681 κάτω
828 1643 890 1681 τὸν
918 1642 1090 1694 βόρβορον
1116 1646 1283 1687 κυκῶσιν,

282 1712 427 1761 αἱροῦσι·
455 1712 519 1748 καὶ
544 1711 587 1748 σι)
617 1710 848 1760 λαμβάνεις,
879 1710 919 1756 ἣν
944 1711 1009 1754 τὴν
1040 1713 1139 1748 πόλιν
1166 1712 1366 1762 ταράττης.

228 1786 297 1823 Vs.
338 1795 413 1832 312
451 1786 552 1822 idem
589 1785 708 1823 Cleon
740 1785 868 1822 denuo
896 1786 1142 1834 obiurgatur:
1172 1792 1295 1823 totam
1327 1787 1460 1824 urbem

180 1861 395 1909 pervertisti

282 1932 353 1971 ἀπὸ
381 1933 452 1970 τῶν
481 1936 617 1983 πετρῶν
643 1933 774 1971 ἄνωθεν
802 1934 884 1975 τούς
913 1932 1042 1984 Φόρους
1069 1933 1313 1972 θυννοσκοπῶν.

174 2008 377 2056 vectigalia
411 2008 614 2056 speculans
651 2008 768 2046 veluti
804 2009 1014 2057 piscatores
1051 2021 1073 2045 e
1104 2010 1262 2058 scopulo
1291 2010 1460 2059 thynnos

177 2081 429 2129 prospiciunt.

228 2188 344 2234 Vesp.
372 2198 428 2222 vs.
467 2187 565 2233 1087
599 2198 623 2222 a
651 2187 843 2223 veteribus
871 2187 940 2224 illis
967 2186 1345 2225 Marathonomachis
1374 2201 1458 2226 nar-

170 2267 301 2299 ratur:
332 2261 369 2297 in
396 2259 642 2297 Marathonia
670 2250 803 2309 pugna
841 2261 1026 2299 barbaros

388 2333 605 2380 εἱπόμεσθα,
634 2333 864 2382 θυννάζοντες
893 2335 927 2377 ἐς
954 2336 1036 2377 τούς
1063 2334 1247 2378 θυλάκους.

175 2416 375 2458 tamquam
400 2409 609 2458 piscatores
633 2408 871 2458 thynnorum
895 2422 962 2447 eos
985 2410 1022 2447 in
1044 2410 1200 2448 braccas
1228 2418 1456 2460 pungente&
