1619 2759
810 161 827 199 5

230 275 274 311 cf.
329 275 560 314 Pherecratis
600 276 766 326 lepidum
808 277 1064 326 fragmentum
1102 288 1170 325 23,
1211 278 1248 313 in
1285 290 1363 326 quo
1390 277 1450 314 dei

178 350 353 388 homines
381 352 435 388 ita
461 352 657 400 increpant
669 364 677 388 :

203 464 262 499 ὅτε
291 466 379 500 τοῖσι
406 461 491 505 θεοῖς
518 462 631 505 θύετε,
660 464 827 514 πρώτιστ’
857 461 1062 514 ἀποκρίνετε
1090 467 1163 505 τοῖς
1190 465 1331 513 ἱερεῦσιν

206 537 244 574 τὸ
270 535 501 586 νομιζόμενον
527 539 672 588 πρώτοις
700 539 809 585 ὑμῶν,
839 539 904 575 εἶτ’
935 537 1109 588 (αἰσχύνη
1135 539 1175 575 τὸ
1197 538 1398 587 κατειπεῖν)

203 612 240 649 οὐ
267 613 317 649 τὼ
345 613 445 663 μηρὼ
473 613 738 663 περιλοίφοεντες
766 614 879 664 μέχρι
907 613 1199 661 βουβώνων***

203 688 264 723 καὶ
291 687 356 733 τὴν
382 685 496 734 ὀσφὺν
522 688 650 735 κομιδῆ
675 688 794 735 ψιλήν,
823 688 940 725 λοιπὸν
967 688 1028 725 τὸν
1054 688 1245 725 σπόνδυλον
1272 688 1383 726 αὐτὸν

201 764 314 812 ὥσπερ
339 763 543 812 ρινήσοιντες
569 761 686 809 νέμεθ’
715 762 766 814 (?)
795 765 908 813 ὥσπερ
935 765 1000 799 καὶ
1024 767 1096 803 τοῖς
1123 765 1221 800 κυσὶν
1248 765 1352 809 ἡμῖν;

203 834 267 872 εἶτ’
297 834 478 882 ἀλλήλους
505 837 757 884 αἰσχυνόμενοι
784 837 965 884 θυλήμασι
990 839 1165 888 κρύη-τετε
1193 840 1334 879 πολλοῖς
1350 837 1421 886 (¹).

228 956 330 994 Nub.
359 969 414 992 VS.
443 958 522 1004 489
548 955 725 993 Socrates
755 957 996 993 doctissimus
1024 956 1339 1005 philosophorum
1368 957 1448 993 seni

176 1030 360 1079 discipulo
388 1043 458 1067 suo
485 1031 577 1068 satis
605 1030 743 1069 stolido
771 1031 883 1068 dicit:

360 1142 434 1187 ἄγε
461 1153 526 1178 νυν
546 1143 646 1184 ὅπως,
677 1144 765 1179 ὅταν
793 1156 828 1179 τι
855 1142 1093 1193 προβάλωμαι
1127 1140 1238 1189 σοφὸν

359 1219 436 1268 περὶ
460 1221 530 1255 τῶν
557 1220 755 1269 μετεώρων,
786 1217 908 1261 εὐθέως
936 1217 1155 1269 ὑφαρπάσει.

174 1293 269 1330 alter
297 1293 604 1341 indignabundus
631 1300 762 1341 rogat:

358 1371 397 1404 τί
421 1369 499 1412 δοιί;
528 1368 671 1413 κυνηδὸν
697 1369 762 1414 τὴν
788 1371 920 1415 σοφίαν
948 1368 1160 1414 σιτήσομαις

227 1496 327 1533 Satis
354 1496 477 1544 lepide
503 1496 598 1533 haec
625 1496 742 1532 verba
769 1496 1046 1544 aliquantulum
1071 1497 1214 1533 laesum
1239 1496 1445 1544 agricolam

173 1571 386 1618 designant.
425 1571 481 1615 ls,
520 1571 584 1617 qui
616 1570 791 1606 homines
818 1570 987 1617 plebeios
1013 1570 1291 1618 aliquantulum
1319 1571 1446 1614 novit,

175 1658 249 1682 non
286 1646 460 1693 ignorare
496 1651 624 1693 potest
656 1656 722 1680 eos
759 1644 949 1681 interdum
986 1645 1084 1681 sicut
1118 1643 1358 1692 Strepsiades
1385 1643 1446 1680 hic

172 1721 332 1757 verbum
360 1720 513 1768 aliquod
541 1719 652 1756 valde
679 1719 862 1766 indignari
889 1719 994 1766 quod
1022 1720 1101 1755 sine
1125 1719 1199 1755 ulla
1223 1718 1365 1755 malitia
1388 1725 1447 1756 est

172 1796 314 1832 dictum

225 1927 323 1964 Cum
351 1928 387 1963 in
417 1927 544 1963 fabula
571 1927 677 1963 Pacis
704 1926 928 1971 choreutae,
956 1927 1137 1974 Trygaeo
1162 1932 1317 1963 auctore
1332 1927 1444 1963 deam

172 2003 309 2039 Pacem
338 2015 387 2038 ex
414 2008 542 2047 antro,
572 2002 608 2038 in
637 2002 741 2050 quod
763 2001 939 2038 Polemos
963 2013 1048 2038 eam
1072 2002 1218 2047 deiecit,
1244 2001 1446 2039 extrahere

171 2083 375 2121 conantur,
417 2077 523 2112 initio
558 2088 656 2123 opus
694 2061 1056 2123 parum-succedit,
1096 2083 1185 2112 sunt
1218 2077 1340 2120 enim,
1378 2076 1443 2123 qui

172 2139 346 2195 obstant,
385 2150 445 2187 alii
481 2156 631 2195 autem,
669 2151 735 2198 qui
773 2149 863 2186 nihil
891 2150 1056 2198 faciunt,

512 2222 582 2260 οὐδ’
611 2226 644 2260 οἱ
670 2223 861 2274 Μεγαρῆς
889 2223 989 2274 δρῶσ’
1019 2224 1127 2260 οὐδέν.

213 2402 232 2438 ¹)
266 2403 312 2430 De
343 2405 425 2429 textu
456 2401 562 2429 misere
590 2401 720 2429 mutilati
751 2401 837 2429 huius
865 2400 1024 2437 fragmenti
1053 2409 1087 2428 ac
1109 2400 1237 2429 aliorum
1259 2401 1442 2430 comicorum

169 2457 414 2494 fragmentorum,
436 2464 512 2493 quae
527 2455 668 2490 laudabo,
688 2455 772 2484 vide:
786 2455 884 2489 Kock,
894 2455 1062 2491 fragmenta
1081 2455 1265 2484 comicorum
1276 2456 1445 2486 atticorum.
