1619 2759
780 136 828 181 87

169 264 286 307 atque
329 258 453 295 hercle
499 259 552 304 ei,
598 259 697 296 sicut
743 271 882 307 porco,
929 259 1100 296 immisso
1136 260 1174 296 in
1215 272 1260 295 os
1300 259 1443 308 paxillo

169 344 381 380 coquorum
410 345 536 378 more,
568 334 704 370 deinde
731 334 902 381 linguam
929 334 1010 370 eius
1037 333 1307 376 extrahentes,
1335 315 1444 381 spec-¹

169 406 337 443 tabimus
359 407 499 455 probe,
520 407 603 456 ipso
624 407 774 452 hiante,
800 420 849 444 an
874 407 981 444 culus
1005 408 1085 444 eius
1109 413 1276 445 strumas
1289 407 1443 444 habeat.

221 481 289 518 Vs.
321 482 396 528 768
426 481 623 530 Paphlago
650 481 835 518 affirmat:
866 483 934 518 nisi
963 488 1000 519 te
1028 495 1138 527 amo,
1172 483 1314 525 Deme,

222 561 422 611 ἀπολοίμην
448 565 511 601 καί
536 563 765 614 διαπρισθείην
792 563 1064 612 κατατμηθείην
1092 578 1133 601 τε
1162 565 1337 602 λέπαδνα.

222 682 368 719 Eccles.
404 679 475 720 vs.'
500 685 572 731 385
610 684 702 720 civis
739 684 917 732 quidam,
957 684 1104 720 rediens
1148 697 1198 720 ex
1239 684 1442 728 concione,

171 747 340 805 nesciens
375 770 416 794 se
453 757 627 794 mulieres
663 758 820 805 vidisse,
860 770 956 806 quas
984 763 1141 806 propter
1168 763 1294 795 vestes
1321 757 1444 793 viriles

169 842 214 865 ac
243 830 381 866 barbas
409 843 485 866 non
513 832 734 878 agnoverit,
767 843 949 878 magnum
979 843 1179 867 numerum
1207 836 1379 883 sutorum
1408 831 1444 866 in

169 903 351 940 concione
378 904 491 941 fuisse
520 910 669 942 narrat:

274 978 336 1012 καὶ
363 977 461 1021 δῆτα
490 977 623 1018 πάντες
651 980 884 1023 σκυτοτόμοις
913 976 1097 1024 ᾐκάζομεν

274 1051 418 1099 ὁρῶντες
447 1050 589 1093 αὐτούς.
618 1051 656 1088 οὐ
682 1050 759 1101 γοὶρ
787 1049 873 1087 ἀλλ’
904 1049 1092 1101 ὑπερφυῶς

274 1127 319 1167 ὡς
347 1125 584 1172 λευκοπληθὴς
611 1125 651 1172 ἦν
680 1127 762 1163 ἰδεῖν
789 1127 978 1171 ἡκκλησία.

222 1206 460 1255 Thesmop‘h.
493 1220 549 1244 VS.
579 1216 626 1254 52
656 1208 872 1256 complures
899 1208 1084 1247 dictiones
1111 1208 1365 1255 depromptae
1393 1220 1445 1244 ex

170 1287 251 1318 arte
287 1281 509 1319 aedificandi
546 1294 591 1319 ac
628 1295 679 1319 ex
715 1283 759 1319 iis
795 1282 953 1331 opificiis
988 1294 1088 1330 quae
1123 1282 1173 1318 ad
1209 1294 1294 1318 eam
1324 1288 1445 1318 artem

171 1357 380 1403 pertinent,
408 1356 684 1394 transferuntur
709 1357 759 1393 ad
786 1362 908 1393 artem
937 1357 1120 1405 dramatis
1148 1356 1318 1392 faciendi.

171 1429 355 1466 Famulus
378 1430 716 1477 domoegrediens
744 1430 957 1478 praedicat:
995 1430 1105 1465 Bona
1132 1428 1261 1474 verba,
1286 1441 1442 1477 quaeso,

434 1504 562 1549 μέλλει
589 1503 665 1553 γοὶρ
693 1505 711 1539 ὁ
739 1504 935 1548 καλλιεπὴς
963 1501 1144 1548 Ἀγάθων
1323 1490 1328 1493 ⁴

433 1578 604 1628 δρυόχους
631 1575 764 1614 τιθέναι
791 1577 980 1627 δράματος
1008 1575 1144 1627 ἀρχάς.

171 1652 379 1688 statumina
407 1664 564 1700 ponere,
598 1652 781 1689 dramatis
808 1653 977 1689 exordia.

434 1733 596 1780 κοέμπτει
623 1733 660 1769 δὲ
688 1734 770 1774 νέας
797 1733 937 1779 ἁψῖδας
966 1732 1075 1775 ἐπῶν,

172 1813 306 1845 curvat
333 1820 425 1845 vero
453 1820 553 1845 nova
581 1808 835 1845 interamenta
861 1807 1086 1852 verborum,

436 1882 487 1918 τοὶ
515 1882 553 1918 δὲ
580 1883 750 1932 τορνεύει,
781 1881 831 1918 τοὶ
859 1882 895 1917 δὲ
923 1886 1156 1926 κολλομελεῖ,

174 1957 246 1993 alia
274 1957 441 1994 carmina
469 1962 598 1994 tornat
623 1956 800 2005 quidem,
829 1956 902 1993 alia
925 1961 1054 1993 autem
1084 1955 1342 2003 conglutinat,

435 2040 498 2075 καὶ
523 2042 763 2086 γνωμοτυπεῖ
780 2037 1043 2086 κάντονομάζει

174 2114 329 2151 dicteria
357 2113 462 2151 cudit
489 2119 528 2151 et
553 2113 882 2154 denominationes
910 2113 1019 2161 fingit

277 2173 279 2175 ι
437 2189 500 2224 καὶ
525 2191 722 2237 κηροχυτεῖ
744 2189 806 2223 καὶ
831 2188 1039 2232 γογγύλλει

175 2269 214 2300 et
241 2262 430 2311 liquefacit
457 2274 590 2299 versus
617 2267 818 2310 tamquam
845 2273 970 2298 ceram
1003 2266 1042 2297 et
1073 2260 1255 2297 rotundat

436 2338 500 2374 καὶ
525 2339 703 2384 χοανεύει.

175 2425 220 2450 ac
248 2412 370 2449 fundit
397 2412 434 2448 in
462 2411 614 2448 formas.
