1619 2759
780 131 827 176 58

159 254 319 303 Optime
355 255 472 293 Kock
505 256 695 294 intellexit
721 256 951 294 adieetivum
981 259 1120 304 μεστήν
1147 255 1208 294 hic
1236 268 1312 293 non
1339 262 1443 295 recte

159 344 201 368 se
237 330 381 369 habere
417 344 464 369 ac
499 332 705 369 desiderari
742 345 879 370 vocem
892 363 901 378 ,
938 346 1038 381 quae
1071 333 1183 382 plane
1210 332 1442 370 contrarium

159 406 367 454 significet:
415 406 560 452 inanis,
582 404 755 445 vacuus.
799 408 994 445 Coniicere
1029 408 1116 444 licet
1142 419 1277 444 vocem
1305 406 1444 453 μεστὴν

160 493 183 517 a
219 481 413 530 margine,
452 482 488 517 in
517 494 595 530 qua
623 481 743 519 lector
770 481 908 530 aliquis
937 495 1023 519 eam
1051 483 1228 532 appinxit
1254 482 1304 519 ad
1329 494 1443 518 voca-

160 555 294 593 bulum
343 556 509 603 ἐπιχειλῆ
559 556 850 602 illustrandum,
899 558 937 593 in
978 563 1207 595 contextum
1249 557 1443 605 migrasse.

160 630 272 679 Quae
299 643 379 667 vox
403 637 534 668 autem
554 631 603 668 sit
626 631 863 669 restituenda
887 631 978 668 mihi
1003 644 1079 668 non
1103 637 1223 680 patet.
1248 631 1445 669 Sententia

160 705 298 742 horum
328 718 510 742 versuum
539 706 671 754 utique
699 705 795 743 haee
822 712 901 743 est:

159 781 222 817 Tu
249 779 499 818 Themistocli
528 787 567 818 te
595 780 822 818 assimulas?
848 781 935 830 qui,
971 793 1060 818 cum
1097 781 1232 818 urbem
1265 781 1444 818 omnibus

160 856 279 904 copiis
302 856 499 909 *reperiret
540 857 738 901 orbatam,
782 868 868 892 eam
910 856 1023 892 labris
1064 861 1175 893 tenus
1216 856 1442 903 complevit,

160 930 272 978 eique
307 930 482 978 insuper,
519 942 607 967 cum
636 930 740 967 bono
767 931 843 967 iam
871 930 1031 978 prandio
1059 929 1242 976 aleretur,
1271 931 1445 967 Piraeum

160 1005 315 1052 pinsuit.

214 1123 379 1160 Induciis
420 1123 519 1160 inter
559 1135 652 1160 aves
694 1135 739 1160 ac
779 1122 976 1160 hominem
1018 1122 1276 1160 Pithetaerum
1317 1123 1445 1169 factis,

161 1197 392 1234 admonetur
412 1196 473 1234 hic
497 1203 552 1246 ut,
577 1197 687 1235 sicuti
711 1197 901 1246 pollicitus
924 1198 985 1243 sit,
1009 1198 1164 1235 consilia
1179 1200 1248 1234 sua
1262 1203 1446 1246 exponat.

161 1272 212 1309 Sc
240 1278 419 1322 paratum
461 1284 544 1309 esse
581 1272 789 1321 respondet
825 1272 882 1309 his
917 1272 1066 1310 verbis:
1110 1273 1204 1318 (Av.
1246 1285 1301 1309 vs.
1338 1271 1447 1323 463.)

161 1350 225 1385 καὶ
252 1348 325 1395 μὴν
352 1348 468 1398 ὀργῶ,
498 1348 538 1391 νὴ
566 1348 627 1385 τὸν
655 1348 752 1391 Δίοι,
782 1350 845 1385 καὶ
872 1347 1149 1398 προπεφύραται
1177 1351 1285 1394 λόγος
1314 1347 1362 1389 εἷς
1386 1362 1448 1395 μοι

162 1423 199 1459 ὂν
226 1423 448 1470 διαμάττειν
476 1422 514 1459 οὐ
542 1423 680 1459 κωλύει.

161 1497 355 1546 Equidem
404 1497 529 1545 gestio
574 1496 799 1545 dudumque
846 1496 937 1533 mihi
982 1502 1175 1534 macerata
1227 1503 1285 1534 est
1325 1497 1448 1534 oratio

163 1585 259 1617 una,
290 1584 408 1620 quarn
437 1584 554 1620 porro
581 1572 760 1619 subigere
788 1571 875 1608 nihil
905 1572 1077 1619 impedit.

215 1645 367 1683 Eodem
394 1645 513 1682 verbo
542 1643 726 1696 προφυρᾶν
749 1645 951 1695 Euripides
975 1659 1132 1695 quoque
1157 1647 1276 1684 utitur
1289 1646 1447 1684 Thesm.

162 1735 217 1759 vs.
248 1729 311 1769 75,
343 1722 407 1758 ubi
436 1734 570 1758 socero
585 1721 839 1767 VMnesilocho
867 1722 1006 1770 pavide
1034 1728 1182 1759 narrat:

352 1799 447 1833 ἔστιν
479 1798 589 1833 κακόν
616 1808 678 1842 μοι
707 1797 815 1843 μέγα
844 1809 880 1832 τι
908 1795 1236 1846 προπεφυραμένον.

163 1883 349 1919 magnum
378 1870 523 1907 malum
552 1870 644 1907 mihi
672 1876 731 1907 est
760 1875 1044 1918 praeparatum.

215 1968 367 2006 Eodem
396 1967 513 2004 modo
542 1979 587 2004 ac
614 1979 684 2003 nos
712 1967 890 2003 dicimus:
919 1966 1097 2014 beroeren,
1126 1966 1262 2003 Graeci
1291 1972 1450 2003 utuntur

162 2043 302 2079 verbo:
332 2044 456 2079 κυκοῖν.
485 2042 579 2090 Lys.
608 2053 661 2078 vs.
680 2050 760 2089 490
785 2053 883 2077 unus
907 2053 928 2078 e
951 2041 1449 2089 prytanibus'mirabundus

162 2123 296 2165 rogat:

353 2189 412 2227 διὰ
439 2190 633 2241 τάργύριον
662 2187 891 2236 πολεμοῦμεν
915 2189 1013 2239 γάρ;

164 2283 224 2319 cui
252 2282 489 2330 Lysistrata,
519 2281 603 2317 dux
632 2280 854 2323 mulierum,
883 2291 984 2328 quae
1012 2290 1140 2316 arcem
1163 2284 1450 2327 occupaverunt

163 2357 250 2394 ideo
279 2361 322 2394 ut
348 2356 450 2393 viros
477 2361 620 2404 cogant
649 2356 850 2404 imperium
878 2355 948 2392 sibi
981 2367 1027 2392 ac
1058 2359 1261 2402 argentum
1289 2354 1448 2400 tradere,

164 2431 372 2480 respondet
384 2442 392 2467 ε
