1619 2759
791 103 851 176 67θ

226 254 343 303 Vesp.
373 267 429 291 vs,
457 256 534 302 483
564 254 780 292 Philocleon
809 255 995 292 minatur:

277 329 379 366 ἀλλοὶ
405 331 463 366 νῦν
490 329 560 377 μὲν
586 329 684 366 οὐδὲν
711 329 853 376 ἀλγεῖς,
882 329 967 366 ἀλλ’
1001 332 1089 367 ὅταν
1115 330 1308 379 ξυνήγορος

274 404 398 441 ταύτοὶ
425 405 551 441 ταῦτά
577 418 638 441 σου
666 407 858 451 καταντλῇ
885 407 948 441 καὶ
969 406 1179 451 ξυνωμότην
1206 406 1312 449 καλῇ.

167 500 283 549 (Tum
310 502 489 551 demum,
525 501 775 550 Bdelycleon,
814 507 919 539 totus
951 500 1124 552 peribiS,)
1155 513 1244 538 cum
1273 500 1447 549 publicus

168 589 368 614 causarum
396 583 582 626 patronus
610 577 742 614 iisdem
773 577 842 614 illis
865 577 990 614 verbis
1014 583 1053 614 te
1075 576 1271 613 suffuderit
1295 575 1334 627 (i.
1351 589 1383 613 c.
1408 582 1447 613 te

169 652 411 689 monarchiae
432 652 613 701 cupidum
635 665 718 689 esse
732 651 917 702 arguerit)
932 659 1047 701 teque
1062 653 1302 689 coniuratum
1316 651 1448 700 appel—

167 726 309 763 laverit.
340 731 560 763 καταντλεῖν
577 727 785 774 significat:
805 727 937 774 frigida
956 727 1016 763 vel
1031 728 1151 763 calida
1165 739 1266 774 aqua
1281 727 1446 773 aliquem

166 801 391 838 suffundere.
430 802 513 838 Nos
548 814 705 851 quoque
741 801 1002 850 metaphorice
1039 803 1220 839 dicimus:
1251 800 1301 837 Il:
1327 800 1447 845 kroeg

163 888 228 913 een
253 875 428 912 stortbad
448 888 537 913 over
565 877 663 925 mz'jn
693 876 771 926 lg'yf.

215 1036 307 1084 Lys.
351 1049 405 1072 vs,
447 1045 521 1083 337
564 1036 697 1073 mulier
736 1036 901 1084 collegas
946 1038 998 1073 ita
1039 1037 1241 1073 admonet:
1284 1036 1442 1082 „afferte

162 1124 304 1159 aquam
320 1142 327 1156 ‚
828 1098 830 1100 Ι

477 1188 609 1231 ἥκουσα
636 1186 712 1236 γὰρ
741 1185 961 1237 τυφογέρον-

478 1275 548 1302 τας
574 1261 706 1311 ἄνδρας
733 1263 859 1312 ἔρρειν,
887 1262 1048 1308 στελέχη

476 1336 675 1387 φέροντας,
704 1339 816 1388 ὥσπερ
844 1337 1160 1385 βαλανεύσοντας,

158 1426 284 1462 audivi
326 1427 425 1462 enim
465 1427 660 1474 capulares
697 1439 806 1462 senes
843 1428 991 1475 stipites
1020 1427 1204 1469 ferentes,
1235 1433 1436 1474 tamquam

159 1502 336 1538 balneum
364 1501 630 1547 calefactum&
660 1502 893 1539 adventuros
921 1501 1042 1538 esse.'’

208 1652 318 1689 Duae
360 1652 475 1689 modo
516 1653 619 1701 apud
656 1659 829 1689 nostrum
866 1659 1071 1689 occurrunt
1100 1652 1349 1700 metaphorae
1380 1664 1434 1688 ex

154 1727 245 1763 ludo
273 1727 441 1770 alearum
469 1728 709 1776 desumptae.

153 1802 298 1838 Eccles.
329 1815 384 1837 vs.
407 1804 516 1847 1118,
546 1803 685 1838 famula
713 1804 900 1850 populum
925 1804 973 1838 ad
997 1815 1158 1839 coenam
1182 1814 1431 1838 communem

153 1877 317 1913 invitans
356 1877 377 1913 i.
403 1889 436 1913 a.
465 1877 578 1914 dicit:
608 1876 775 1924 „Omnia
806 1877 906 1913 bona
934 1877 1043 1913 vobis
1072 1882 1226 1924 praesto
1253 1882 1354 1922 sunt,

733 1959 821 1995 πολὺ
855 1959 886 1994 δ’
916 1959 1172 2008 ὑπερπέπαικεν
1198 1957 1245 1993 αὖ

360 2035 494 2070 τούτων
521 2033 692 2071 ἁπάντων
721 2033 771 2071 τοὶ
799 2032 907 2070 Θάσι’
937 2032 1169 2084 ἀμφορείδια.

151 2138 315 2176 Thasiae
352 2138 601 2187 amphorulae
639 2144 772 2176 autem
801 2138 896 2175 haec
923 2139 1051 2175 omnia
1084 2138 1282 2174 dulcedine
1310 2138 1423 2186 longe

150 2219 342 2261 superant.

150 2289 212 2326 Fr.
245 2296 339 2335 544:
368 2286 490 2338 φράζε
519 2290 651 2332 τοίνυν,
680 2289 725 2330 ὡς
754 2287 827 2334 ἐγὼ
856 2289 926 2329 πᾶς
954 2286 1173 2338 ἀνέρριμμαι
1202 2288 1323 2336 κύβος.

149 2375 220 2399 nos
259 2363 442 2400 admonet
479 2364 808 2400 celeberrimorum
846 2363 1017 2399 Caesaris
1054 2363 1280 2407 verborum,
1320 2370 1425 2410 post-

147 2450 266 2485 quam
294 2438 535 2474 Rubiconem
563 2439 801 2477 transvexit..
