1619 2759
785 152 833 186 28

226 275 330 312 Nub.
386 288 440 311 vs.
503 286 603 322 1424
653 276 750 323 frugi
805 276 903 312 filius
954 275 1196 324 Phidippides
1253 275 1451 312 ridiculum

172 343 395 392 exemplum
435 344 503 380 dat
543 343 735 380 bonorum
774 349 1087 392 praeceptorum,
1116 355 1215 392 quae
1243 355 1266 379 a
1292 342 1451 380 Socrate

172 419 332 466 accepit.
360 418 558 455 Praedicat
584 419 706 455 enim:
735 418 902 465 „Nonne
930 418 1023 455 mihi
1050 419 1138 455 licet

277 530 385 568 θεῖναι
412 533 519 579 νόμον
547 536 619 574 τοῖς
647 532 751 568 υἱέσιν
779 532 861 574 τοὺς
885 533 1048 583 πατέρας
1075 531 1327 575 ἀντιτύπτειν;

227 636 379 685 Nempe

280 741 414 787 σκέψαι
434 740 471 777 δὲ
496 741 578 781 τούς
600 739 841 791 ἀλεκτρυόνας
864 743 928 777 καὶ
950 742 1077 777 τᾶλλα
1093 741 1143 778 τοὶ
1158 741 1256 789 βοτοὶ
1271 742 1400 783 ταυτὶ,

281 817 326 857 ὡς
354 816 436 858 τούς
465 816 626 866 πατέρας
655 814 876 863 ἀμύνεται.”

229 928 377 964 Notum
406 933 464 964 est
492 928 675 976 pleraque
702 928 901 974 animalia,
937 940 1026 965 cum
1055 929 1173 965 semel
1201 929 1454 974 adoleverint,

175 1008 353 1051 parentes
395 1015 486 1039 suos
527 1015 603 1039 non
645 1003 809 1051 amplius
850 1016 1078 1052 agnoscere,
1119 1016 1243 1052 neque
1279 1009 1456 1052 parentes

175 1077 326 1113 liberos.
357 1077 457 1112 Fieri
485 1077 599 1124 igitur
626 1082 756 1124 potest
784 1082 826 1113 ut
851 1076 949 1112 filius
977 1082 1128 1124 patrem
1156 1077 1255 1113 male
1276 1077 1428 1113 mulcet.

230 1152 330 1189 Vide
367 1163 523 1200 quoque
560 1152 638 1188 Av.
668 1164 723 1188 vs.
758 1160 877 1199 1337,
907 1151 972 1188 ubi
999 1151 1122 1200 lepide
1149 1151 1247 1189 filius
1274 1153 1458 1201 parricida

177 1228 449 1273 introducitur,
486 1228 552 1276 qui
588 1228 669 1264 avis
704 1227 783 1265 fieri
816 1227 899 1265 vult
926 1228 1011 1264 ideo
1041 1234 1083 1265 ut
1111 1234 1260 1276 patrem
1288 1229 1459 1266 occidere

178 1304 311 1352 possit.

232 1454 357 1501 „Cum
388 1460 464 1490 tres
491 1466 686 1502 squamas,
715 1467 812 1502 quas
835 1453 950 1491 fallax
973 1454 1119 1502 collega
1135 1454 1225 1491 mihi
1246 1467 1315 1502 pro
1338 1455 1460 1491 obolis

177 1529 353 1574 dederat,
396 1527 674 1577 exspuerem'',
717 1527 932 1565 Philocleon
969 1535 1098 1566 'narrat
1135 1530 1254 1578 Vesp.
1288 1542 1344 1566 vs.
1383 1538 1460 1577 794

178 1616 250 1650 „ac
277 1616 366 1641 eum
396 1604 432 1640 in
461 1604 519 1640 ius
545 1603 695 1641 trahere
721 1604 877 1650 vellem,

337 1707 574 1760 ἀλεπτρυόνος
601 1710 643 1756 μ’
673 1707 814 1756 ἔφασκε
841 1712 977 1746 κοιλίαν
1004 1712 1114 1757 ἔχειν·

339 1785 445 1832 ταχὺ
472 1787 561 1831 γοῦν
588 1783 755 1831 καθέψεις
783 1783 986 1835 τάργύριον,
1015 1783 1039 1829 ἦ
1062 1785 1093 1821 δ’
1124 1785 1160 1826 ὃς
1187 1789 1318 1831 γελῶν.

232 1899 384 1937 Eodem
408 1911 522 1936 sensu
543 1911 613 1935 nos
627 1899 806 1935 dicimus:
831 1898 894 1947 Ιιῇ
904 1898 1007 1946 heeft
1018 1888 1084 1935 ee'n
1097 1897 1460 1947 struisvogelmaag.

207 2048 306 2086 Cum
335 2049 372 2084 in
401 2048 474 2084 fab.
506 2047 723 2095 vesparum
751 2059 884 2084 servus
911 2059 1041 2084 senem
1071 2047 1330 2085 exsultantem
1358 2059 1463 2084 com-

181 2136 335 2173 pescere
361 2129 543 2170 conatur,
573 2122 634 2160 hic
661 2122 827 2160 minatur
853 2136 909 2161 vs.
945 2133 1064 2171 1490:

446 2231 595 2275 πτήσσει
622 2228 799 2279 Φρύνιχος
826 2231 872 2270 ὥς
900 2242 954 2270 τις
981 2227 1160 2278 ἀλέκτωρ.
1183 2262 1190 2275 s

237 2345 304 2381 Ad
332 2343 427 2380 haec
455 2342 662 2379 scholiasta
689 2346 873 2378 annotat:

235 2449 409 2499 παροιμία
447 2446 504 2484 ἐπὶ
530 2449 600 2484 τῶν
627 2447 737 2483 κακόν
763 2459 799 2482 τι
827 2446 1056 2492 πασχόντων,
1091 2442 1162 2481 ἀπὸ
1186 2442 1372 2494 ,Φρυνίχου
1402 2444 1464 2480 τοῦ
