1619 2759
782 124 828 165 75

226 245 337 281 Initio
373 243 524 280 fabulae
552 243 900 281 Ecclesiazusarum
930 248 1165 290 spectatores
1192 242 1450 290 Praxagoram

174 319 294 356 solam
332 320 548 368 adspiciunt
583 320 619 355 in
657 331 791 365 scena;
820 318 1013 354 lucernam
1041 329 1159 365 quam
1189 329 1305 353 manu
1332 318 1450 365 gerit,

173 396 225 432 ita
251 395 466 443 alloquitur,
496 395 715 443 tragoediae
743 394 887 443 stylum
916 395 1061 431 comice
1087 394 1256 431 imitata:

332 469 386 506 ἵΩ.
414 470 582 520 λαμπρὸν
609 472 717 517 ὄμμα
746 471 809 507 τοῦ
836 468 1068 519 τροχηλάτου
1096 470 1243 515 λύχνου.

175 543 237 590 „O
268 543 391 581 lucide
428 544 537 581 ocule
573 544 696 582 fictilis
719 542 943 597 *lucernaeff'
973 544 1049 593 Qui
1076 544 1295 581 recordatur
1321 543 1449 581 Solem

174 631 289 667 saepe
312 620 384 656 diei
407 620 561 656 oculum
585 621 722 666 vocari,
749 618 861 656 huius
884 632 1016 656 versus
1030 620 1107 655 vim
1122 620 1308 656 comicam
1323 620 1450 656 sentit.

228 747 326 785 Cum
367 748 404 783 in
446 747 573 784 fabula
612 748 851 795 Lysistratae
890 747 1148 784 Athenienses
1186 753 1225 784 et
1259 748 1451 784 Lacedae-

176 823 292 860 monii
333 837 357 860 a
398 824 616 860 mulieribus
653 824 775 860 coacti
812 824 972 860 invicem
1011 823 1161 871 legatos
1193 823 1375 860 miserunt
1402 824 1451 859 ad

174 912 309 948 pacem
338 898 569 945 faciendam,
599 898 857 935 Athenienses
890 911 945 935 vs.
982 898 1078 935 1168
1107 904 1265 947 rogant:

333 974 373 1010 τὸ
402 974 498 1010 δεῖνα
526 976 640 1010 τοίνυν
666 972 835 1024 παράδοθ’
864 975 948 1021 ἡμῖν
975 975 1113 1010 τουτονὶ

334 1051 516 1100 πρώτιστα
544 1049 605 1086 τὸν
633 1048 854 1096 Ἐχινοῦντα
882 1050 945 1085 καὶ
972 1049 1033 1086 τὸν
1061 1048 1200 1094 Μηλιᾶ

334 1127 462 1161 κόλπον
489 1125 551 1161 τὸν
578 1123 711 1161 ὄπισθεν
739 1126 800 1160 καὶ
828 1124 879 1161 τοὶ
907 1123 1119 1174 Μεγαρικοὶ
1141 1125 1263 1168 σκέλη.

174 1200 324 1237 Eodem
347 1212 459 1237 sensu
483 1200 660 1236 nimirum
684 1212 763 1247 quo
782 1199 856 1236 hoc
879 1199 963 1236 loco
987 1205 1104 1248 atque
1128 1199 1216 1237 alibi
1238 1200 1451 1237 sexcenties

175 1288 198 1311 a
234 1275 390 1311 Graecis
428 1280 630 1322 usurpatur
670 1287 750 1310 vox
777 1277 927 1317 κόλπος,
956 1275 1121 1311 Romani
1150 1281 1310 1311 utuntur
1336 1287 1450 1311 voce:

173 1349 283 1386 simis
310 1355 349 1386 et
377 1362 467 1387 nos:
496 1348 651 1387 boezem.

227 1470 383 1506 Ran.vs.
394 1481 431 1516 4.
443 1470 641 1517 Dionysus
656 1481 766 1506 servo
782 1470 955 1518 imperat:
972 1470 1046 1506 noli
1060 1470 1194 1506 dicere:
1210 1471 1254 1510 ὡς
1270 1468 1450 1517 πιέζομαι,

736 1543 829 1580 πάνυ
857 1544 933 1593 γάρ
963 1543 1036 1580 ἐστ’
1066 1544 1128 1588 ἤδη
1158 1546 1265 1590 χολη.

176 1630 264 1655 nam
293 1618 448 1666 frigidus
475 1617 535 1654 ille
563 1618 669 1655 iocus
697 1617 760 1654 bili
787 1618 862 1654 iam
890 1618 1054 1654 amarior
1081 1623 1149 1654 est.

228 1737 405 1774 Socrates
455 1743 675 1785 stupentem
718 1749 860 1773 novum
904 1737 1129 1785 discipulum
1168 1738 1310 1773 docens
1351 1738 1452 1773 solas

177 1814 311 1850 Nubes
342 1814 379 1849 in
416 1813 524 1849 coelo
560 1823 718 1860 regnare
753 1818 792 1849 et
827 1818 965 1849 cuncta
996 1826 1066 1848 suo
1103 1813 1257 1849 numine
1285 1813 1447 1857 efficere,

177 1888 318 1924 fulmen
370 1893 500 1924 autem
550 1900 627 1935 quo
669 1887 785 1923 modo
825 1888 967 1924 oriatur
1006 1886 1065 1923 his
1105 1888 1230 1923 verbis
1270 1887 1453 1935 explanat

177 1962 280 2000 Nub.
310 1976 366 1999 vs.
395 1970 494 2009 405:

230 2040 318 2075 ὅταν
351 2038 385 2079 ἐς
413 2038 556 2079 ταύτας
584 2039 716 2085 ἄνεμος
744 2038 848 2088 ἔηρος
875 2036 1116 2087 μετεωρισθεὶς
1144 2037 1398 2085 κατακλῃσθῇ,

230 2111 361 2149 ἔνδοθεν
389 2112 507 2154 αὐτοὲς
536 2115 649 2163 ὥσπερ
677 2114 798 2149 κύστιν
826 2111 950 2159 φυσᾷ,
980 2111 1114 2148 κᾶπειθ’
1145 2112 1202 2148 ὑπ’
1219 2105 1400 2158 ῥοένοέγκηις

228 2189 341 2239 ρηἔοες
369 2187 486 2229 αὐτοὶς
516 2189 584 2233 ἔξω
613 2187 765 2237 Φέρεται
794 2187 946 2237 σοβαρὸς
973 2186 1031 2223 διοὶ
1059 2188 1123 2232 την
1151 2190 1374 2232 πυκνότητα,

230 2262 293 2298 ὑπὸ
322 2263 385 2298 τοῦ
413 2261 552 2311 ῥοίβδου
578 2263 641 2297 καὶ
666 2263 730 2306 τῆς
756 2262 869 2310 ῥύμης
897 2260 1005 2301 αὐτὸς
1034 2260 1163 2296 ἑαυτὸν
1189 2261 1398 2298 κατακαίων.

176 2350 264 2374 cum
307 2342 441 2374 ventus
477 2337 603 2373 aridus
648 2336 819 2373 sublimis
857 2335 1030 2372 sublatus
1067 2336 1104 2371 in
1132 2336 1213 2372 istis
1240 2336 1452 2379 includitur,

178 2415 280 2450 intus
320 2425 384 2450 eas
425 2411 532 2449 inflat
573 2417 771 2462 tamquam
812 2412 999 2457 vesicam,
1050 2411 1187 2448 deinde
1229 2412 1454 2449 necessitate
