1619 2759
786 149 832 184 23

221 264 303 301 Nos
329 264 508 301 dicimus:
536 275 601 300 een
628 262 713 299 beer
738 274 816 313 van
842 275 906 299 een
923 262 1087 312 jongen.

222 348 264 384 In
305 346 475 395 episodio
515 347 590 383 iam
625 358 740 395 supra
773 359 796 383 a
832 359 895 384 me
920 353 1224 384 commemorato
1251 348 1288 384 in
1315 347 1443 384 fabula

170 422 376 470 Equitum,
405 421 441 457 in
469 433 548 469 quo
576 421 745 458 comicus
773 421 918 469 stylum
945 421 1106 458 oraculis
1133 422 1330 469 proprium
1358 422 1444 458 ridi-

169 496 252 534 cule
275 497 455 542 imitatur,
478 496 595 535 Cleon
619 508 676 533 vs.
698 504 796 544 1037
817 508 860 533 se
882 496 1009 544 ipsum
1031 496 1236 544 designans
1250 496 1442 545 profatur:

275 581 351 615 ἔστι
377 579 489 625 γυνὴ,
518 579 617 625 τέξει
643 578 682 615 δὲ
708 576 817 615 λέονθ’
847 579 955 628 ἱεραῖς
983 577 1018 614 ἐν
1046 576 1242 623 Ἀθήναις,

276 653 311 695 ὃς
339 654 416 704 περὶ
441 655 505 690 τοῦ
531 653 645 700 δήμου
672 656 813 695 πολλοῖς
839 653 978 700 κώνωψι
1005 656 1205 700 μαχεῖται.

168 736 234 784 qui
260 748 330 784 pro
358 735 502 784 populo
529 741 662 772 contra
689 735 831 772 multos
858 735 995 772 culices
1022 735 1222 783 pugnabit.

692 902 926 941 AVES.

221 987 414 1036 Quoniam
450 985 546 1022 haec
582 986 759 1022 animalia
794 991 933 1033 poetae
961 986 1158 1022 materiem
1186 985 1444 1033 praebuerunt

169 1062 287 1099 totius
301 1061 450 1098 fabulae
459 1060 663 1106 faciendae,
679 1066 738 1098 est
751 1072 919 1109 aequum
933 1061 1239 1109 comparationes
1253 1073 1305 1097 ex
1314 1061 1444 1097 avium

170 1137 249 1173 vita
276 1136 432 1185 petitas,
461 1148 562 1184 quae
589 1136 626 1172 in
653 1134 726 1172 hac
753 1135 892 1181 fabula,
923 1136 1070 1172 Avium
1098 1135 1202 1180 dico,
1231 1142 1446 1184 occurrunt,

170 1211 312 1259 primas
345 1224 369 1248 a
397 1210 507 1247 nobis
534 1211 699 1248 tractari.

221 1286 289 1322 Vs.
325 1285 392 1332 165
424 1285 660 1322 Pithetaerus
687 1285 767 1332 regi
794 1285 908 1333 epopi
936 1285 1092 1321 suadet:

379 1368 431 1415 μὴ
459 1365 681 1418 περιπέτεσθε
709 1369 888 1414 πανταχῇ
915 1369 1121 1414 κεχηνότες·

381 1443 426 1484 ὡς
452 1440 551 1497 τοῦτ’
581 1443 714 1489 ἄτιμον
740 1443 892 1492 τοῦργον
920 1444 1027 1490 ἐστίν·
1060 1441 1194 1478 αὐτίκα

381 1516 460 1553 ἐκεῖ
479 1517 563 1567 παρ’
592 1518 678 1563 ἡμῖν
704 1516 786 1558 τοὺς
813 1517 1028 1563 πετομένους
1054 1516 1095 1561 ἢν
1122 1518 1192 1567 §pyr

382 1593 461 1637 ,,τίς
488 1593 573 1641 ὅρνις
600 1589 748 1635 οὗτος;“’
777 1592 796 1627 ὁ
822 1590 972 1632 Τελέας·
994 1590 1069 1641 ε’ρεῖ
1086 1591 1191 1627 ταδί·

379 1665 580 1716 ,,ᾰὶνθρωπος
607 1667 693 1716 ὅρνις
720 1663 957 1712 ἀστάθμητος
986 1667 1180 1712 πετόμενος

378 1739 623 1792 ἀτέκμαρτος,
651 1739 749 1778 οὐδὲν
775 1739 934 1777 οὐδέποτ’
964 1739 1000 1778 ἐν
1031 1739 1156 1788 ταύτῷ
1182 1742 1335 1788 μένων.”

220 1825 289 1861 Vs.
324 1824 394 1871 167
423 1830 463 1861 et
495 1824 566 1860 168
597 1824 732 1859 misere
759 1829 850 1860 sunt
876 1824 1053 1871 corrupti.
1089 1823 1284 1861 Coniicere
1313 1829 1444 1861 autem

128 1919 131 1921 -
167 1900 254 1937 licet
281 1899 440 1936 Teleam
462 1899 566 1936 illum
590 1911 667 1935 non
696 1911 780 1935 esse
807 1898 1013 1935 derisorem
1040 1898 1107 1935 sed
1131 1899 1257 1947 ipsum
1272 1899 1443 1947 derideri,

167 1975 221 2011 ita
248 1980 291 2011 ut
317 1986 450 2010 versus
478 1979 682 2021 sequentes
708 1974 759 2009 ad
785 1985 874 2009 eum
902 1974 978 2010 sint
1004 1973 1209 2010 referendi:

220 2049 378 2097 „Homo
414 2048 569 2086 volucer
606 2048 789 2086 instabilis
824 2048 899 2099 huc
926 2048 1013 2086 illuc
1039 2049 1202 2087 volitans
1230 2050 1443 2087 inconside-

168 2131 292 2170 ratus,
322 2136 534 2172 numquam
561 2124 598 2159 in
626 2124 763 2160 eodem
789 2123 1055 2171 permanens.''

220 2207 412 2255 Compara
438 2205 537 2244 Pluti
564 2218 619 2243 vs.
652 2213 738 2253 574,
768 2205 832 2242 ubi
859 2206 974 2242 Penia
1001 2206 1111 2243 dicit:

522 2278 698 2331 φλυαρεῖς
724 2281 789 2317 καὶ
814 2278 1054 2330 πτερυγίζεις.

219 2363 374 2411 Νυςειεἱ
391 2363 494 2411 agis,
530 2363 598 2399 alis
633 2363 790 2411 quidem
819 2362 1067 2399 vehementer
1094 2363 1230 2411 strepis
1262 2363 1329 2400 sed
1357 2362 1447 2400 nihil

168 2437 293 2475 efficis.
