<?xml version="1.0" encoding="UTF-8"?>
<!DOCTYPE html PUBLIC "-//W3C//DTD XHTML 1.0 Transitional//EN"
    "http://www.w3.org/TR/xhtml1/DTD/xhtml1-transitional.dtd">
<html xmlns="http://www.w3.org/1999/xhtml" xml:lang="en" lang="en">
 <head>
  <title>
</title>
<meta http-equiv="Content-Type" content="text/html;charset=utf-8" />
  <meta name='ocr-system' content='tesseract 3.04.00' />
  <meta name='ocr-capabilities' content='ocr_page ocr_carea ocr_par ocr_line ocrx_word'/>
</head>
<body>
  <div class='ocr_page' id='page_1' title='image "4737808_0087.png"; bbox 0 0 1619 2759; ppageno 0'>
   <div class='ocr_carea' id='block_1_1' title="bbox 788 138 840 177">
    <p class='ocr_par' dir='ltr' id='par_1_1' title="bbox 788 138 840 177">
     <span class='ocr_line' id='line_1_1' title="bbox 788 138 840 177; baseline 0 -11"><span class='ocrx_word' id='word_1_1' title='bbox 788 138 840 177; x_wconf 89' lang='lat'>70</span> 
     </span>
    </p>
   </div>
   <div class='ocr_carea' id='block_1_2' title="bbox 170 254 1454 905">
    <p class='ocr_par' dir='ltr' id='par_1_2' title="bbox 227 254 1454 305">
     <span class='ocr_line' id='line_1_2' title="bbox 227 254 1454 305; baseline 0 -15"><span class='ocrx_word' id='word_1_2' title='bbox 227 255 307 291; x_wconf 92' lang='lat' dir='ltr'>Av.</span> <span class='ocrx_word' id='word_1_3' title='bbox 339 267 394 292; x_wconf 87' lang='lat' dir='ltr'>vs.</span> <span class='ocrx_word' id='word_1_4' title='bbox 425 255 503 302; x_wconf 93' lang='lat'>670</span> <span class='ocrx_word' id='word_1_5' title='bbox 538 254 760 303; x_wconf 88' lang='lat' dir='ltr'>perhibetur</span> <span class='ocrx_word' id='word_1_6' title='bbox 787 256 835 292; x_wconf 90' lang='lat' dir='ltr'>de</span> <span class='ocrx_word' id='word_1_7' title='bbox 862 256 1020 305; x_wconf 88' lang='lat' dir='ltr'>pulchra</span> <span class='ocrx_word' id='word_1_8' title='bbox 1045 256 1213 304; x_wconf 89' lang='lat' dir='ltr'>quadam</span> <span class='ocrx_word' id='word_1_9' title='bbox 1240 255 1301 292; x_wconf 89' lang='lat' dir='ltr'>avi</span> <span class='ocrx_word' id='word_1_10' title='bbox 1329 254 1454 292; x_wconf 88' lang='lat' dir='ltr'>nitidls</span> 
     </span>
    </p>

    <p class='ocr_par' dir='ltr' id='par_1_3' title="bbox 171 329 1226 528">
     <span class='ocr_line' id='line_1_3' title="bbox 171 329 498 377; baseline 0.003 -12"><span class='ocrx_word' id='word_1_11' title='bbox 171 329 312 377; x_wconf 88' lang='lat' dir='ltr'><strong>plumis</strong></span> <span class='ocrx_word' id='word_1_12' title='bbox 339 329 498 376; x_wconf 87' lang='lat' dir='ltr'><strong>insigni:</strong></span> 
     </span>
     <span class='ocr_line' id='line_1_4' title="bbox 383 403 1226 456; baseline 0.002 -16"><span class='ocrx_word' id='word_1_13' title='bbox 383 405 462 441; x_wconf 72' lang='grc' dir='ltr'><em>ὅσον</em></span> <span class='ocrx_word' id='word_1_14' title='bbox 492 404 522 440; x_wconf 76' lang='grc' dir='ltr'>δ’</span> <span class='ocrx_word' id='word_1_15' title='bbox 552 405 632 451; x_wconf 78' lang='grc' dir='ltr'><em>ἔχει</em></span> <span class='ocrx_word' id='word_1_16' title='bbox 660 404 721 441; x_wconf 82' lang='grc' dir='ltr'><em>τὸν</em></span> <span class='ocrx_word' id='word_1_17' title='bbox 749 405 882 455; x_wconf 77' lang='grc' dir='ltr'><em>χρυσὸν</em></span> <span class='ocrx_word' id='word_1_18' title='bbox 908 407 1021 455; x_wconf 82' lang='grc' dir='ltr'><em>ὥσπερ</em></span> <span class='ocrx_word' id='word_1_19' title='bbox 1051 403 1226 456; x_wconf 79' lang='grc' dir='ltr'><em>παρθένος.</em></span> 
     </span>
     <span class='ocr_line' id='line_1_5' title="bbox 173 478 1216 528; baseline 0.001 -13"><span class='ocrx_word' id='word_1_20' title='bbox 173 484 363 526; x_wconf 86' lang='lat' dir='ltr'>quantum</span> <span class='ocrx_word' id='word_1_21' title='bbox 392 478 511 515; x_wconf 90' lang='lat' dir='ltr'>habet</span> <span class='ocrx_word' id='word_1_22' title='bbox 537 480 638 524; x_wconf 91' lang='lat' dir='ltr'>auri,</span> <span class='ocrx_word' id='word_1_23' title='bbox 669 482 868 527; x_wconf 85' lang='lat' dir='ltr'>tam&#39;quam</span> <span class='ocrx_word' id='word_1_24' title='bbox 896 486 1053 528; x_wconf 86' lang='lat' dir='ltr'>compta</span> <span class='ocrx_word' id='word_1_25' title='bbox 1080 480 1216 528; x_wconf 86' lang='lat' dir='ltr'>puella.</span> 
     </span>
    </p>

    <p class='ocr_par' dir='ltr' id='par_1_4' title="bbox 170 567 1454 827">
     <span class='ocr_line' id='line_1_6' title="bbox 225 567 1453 618; baseline -0.001 -13"><span class='ocrx_word' id='word_1_26' title='bbox 225 569 351 606; x_wconf 89' lang='lat' dir='ltr'>Ovidii</span> <span class='ocrx_word' id='word_1_27' title='bbox 393 568 512 605; x_wconf 89' lang='lat' dir='ltr'>verba</span> <span class='ocrx_word' id='word_1_28' title='bbox 553 569 664 618; x_wconf 86' lang='lat' dir='ltr'>(Met.</span> <span class='ocrx_word' id='word_1_29' title='bbox 709 568 812 606; x_wconf 88' lang='grc' dir='ltr'><strong>ΧΙΙΙ.</strong></span> <span class='ocrx_word' id='word_1_30' title='bbox 857 569 906 617; x_wconf 88' lang='lat'>1.)</span> <span class='ocrx_word' id='word_1_31' title='bbox 949 569 1080 617; x_wconf 86' lang='lat' dir='ltr'>„vulgi</span> <span class='ocrx_word' id='word_1_32' title='bbox 1121 575 1247 606; x_wconf 90' lang='lat' dir='ltr'>stante</span> <span class='ocrx_word' id='word_1_33' title='bbox 1286 567 1453 605; x_wconf 81' lang='lat' dir='ltr'>corona&#39;&#39;</span> 
     </span>
     <span class='ocr_line' id='line_1_7' title="bbox 170 641 1454 691; baseline 0 -14"><span class='ocrx_word' id='word_1_34' title='bbox 170 642 375 690; x_wconf 88' lang='lat' dir='ltr'>unicuique</span> <span class='ocrx_word' id='word_1_35' title='bbox 398 647 488 678; x_wconf 89' lang='lat' dir='ltr'>sunt</span> <span class='ocrx_word' id='word_1_36' title='bbox 512 647 616 690; x_wconf 87' lang='lat' dir='ltr'>nota,</span> <span class='ocrx_word' id='word_1_37' title='bbox 641 641 776 677; x_wconf 90' lang='lat' dir='ltr'>eadem</span> <span class='ocrx_word' id='word_1_38' title='bbox 801 647 932 679; x_wconf 82' lang='lat' dir='ltr'>autem</span> <span class='ocrx_word' id='word_1_39' title='bbox 954 642 1181 691; x_wconf 81' lang='lat' dir='ltr'>metaphora</span> <span class='ocrx_word' id='word_1_40' title='bbox 1195 642 1289 679; x_wconf 91' lang='lat' dir='ltr'>Plut.</span> <span class='ocrx_word' id='word_1_41' title='bbox 1305 654 1360 678; x_wconf 79' lang='lat' dir='ltr'>VS.</span> <span class='ocrx_word' id='word_1_42' title='bbox 1377 641 1454 689; x_wconf 91' lang='lat'>786</span> 
     </span>
     <span class='ocr_line' id='line_1_8' title="bbox 173 716 1453 771; baseline -0.001 -18"><span class='ocrx_word' id='word_1_43' title='bbox 173 716 405 771; x_wconf 86' lang='lat' dir='ltr'>Chremylus</span> <span class='ocrx_word' id='word_1_44' title='bbox 418 717 536 753; x_wconf 89' lang='lat' dir='ltr'>utitur</span> <span class='ocrx_word' id='word_1_45' title='bbox 555 728 711 752; x_wconf 88' lang='lat' dir='ltr'>narrans</span> <span class='ocrx_word' id='word_1_46' title='bbox 726 721 872 764; x_wconf 89' lang='lat' dir='ltr'>quanta</span> <span class='ocrx_word' id='word_1_47' title='bbox 888 716 1094 754; x_wconf 89' lang='lat' dir='ltr'>multitudo</span> <span class='ocrx_word' id='word_1_48' title='bbox 1108 717 1261 754; x_wconf 88' lang='lat' dir='ltr'>Plutum</span> <span class='ocrx_word' id='word_1_49' title='bbox 1276 722 1453 754; x_wconf 87' lang='lat' dir='ltr'>sanatum</span> 
     </span>
     <span class='ocr_line' id='line_1_9' title="bbox 172 790 660 827; baseline -0.002 0"><span class='ocrx_word' id='word_1_50' title='bbox 172 791 210 827; x_wconf 87' lang='lat' dir='ltr'>in</span> <span class='ocrx_word' id='word_1_51' title='bbox 239 790 320 827; x_wconf 89' lang='lat' dir='ltr'>foro</span> <span class='ocrx_word' id='word_1_52' title='bbox 348 791 660 827; x_wconf 86' lang='lat' dir='ltr'>circumsteterit:</span> 
     </span>
    </p>

    <p class='ocr_par' dir='ltr' id='par_1_5' title="bbox 900 857 1217 905">
     <span class='ocr_line' id='line_1_10' title="bbox 900 857 1217 905; baseline 0.003 -11"><span class='ocrx_word' id='word_1_53' title='bbox 900 861 992 899; x_wconf 79' lang='grc' dir='ltr'><em>ποῖος</em></span> <span class='ocrx_word' id='word_1_54' title='bbox 1019 857 1082 895; x_wconf 71' lang='grc' dir='ltr'>οὐκ</span> <span class='ocrx_word' id='word_1_55' title='bbox 1108 860 1217 905; x_wconf 77' lang='grc' dir='ltr'><em>ὄχλος</em></span> 
     </span>
    </p>
   </div>
   <div class='ocr_carea' id='block_1_3' title="bbox 385 930 1214 984">
    <p class='ocr_par' dir='ltr' id='par_1_6' title="bbox 385 930 1214 984">
     <span class='ocr_line' id='line_1_11' title="bbox 385 930 1214 984; baseline 0 -14"><span class='ocrx_word' id='word_1_56' title='bbox 385 930 714 984; x_wconf 67' lang='grc' dir='ltr'><em>περιεστεφάνωσεν</em></span> <span class='ocrx_word' id='word_1_57' title='bbox 748 931 784 970; x_wconf 82' lang='grc' dir='ltr'><em>ἐν</em></span> <span class='ocrx_word' id='word_1_58' title='bbox 810 931 934 984; x_wconf 76' lang='grc' dir='ltr'><em>ἀγορᾷ</em></span> <span class='ocrx_word' id='word_1_59' title='bbox 962 932 1214 984; x_wconf 79' lang='grc' dir='ltr'><em>πρεσβυτικός;</em></span> 
     </span>
    </p>
   </div>
   <div class='ocr_carea' id='block_1_4' title="bbox 171 1054 1452 1551">
    <p class='ocr_par' dir='ltr' id='par_1_7' title="bbox 172 1054 1452 1249">
     <span class='ocr_line' id='line_1_12' title="bbox 225 1054 1452 1102; baseline 0 -12"><span class='ocrx_word' id='word_1_60' title='bbox 225 1055 330 1091; x_wconf 92' lang='lat' dir='ltr'>Nub.</span> <span class='ocrx_word' id='word_1_61' title='bbox 360 1067 416 1091; x_wconf 85' lang='lat' dir='ltr'>vs.</span> <span class='ocrx_word' id='word_1_62' title='bbox 443 1063 521 1102; x_wconf 86' lang='lat'>749</span> <span class='ocrx_word' id='word_1_63' title='bbox 556 1060 598 1091; x_wconf 90' lang='lat' dir='ltr'>ut</span> <span class='ocrx_word' id='word_1_64' title='bbox 630 1054 761 1091; x_wconf 85' lang='lat' dir='ltr'>debita</span> <span class='ocrx_word' id='word_1_65' title='bbox 798 1067 867 1090; x_wconf 90' lang='lat' dir='ltr'>sua</span> <span class='ocrx_word' id='word_1_66' title='bbox 899 1055 1046 1091; x_wconf 85' lang='lat' dir='ltr'>solvere</span> <span class='ocrx_word' id='word_1_67' title='bbox 1080 1060 1236 1091; x_wconf 90' lang='lat' dir='ltr'>coactus</span> <span class='ocrx_word' id='word_1_68' title='bbox 1272 1067 1347 1091; x_wconf 93' lang='lat' dir='ltr'>non</span> <span class='ocrx_word' id='word_1_69' title='bbox 1386 1056 1452 1100; x_wconf 85' lang='lat' dir='ltr'>sit,</span> 
     </span>
     <span class='ocr_line' id='line_1_13' title="bbox 176 1129 1452 1178; baseline -0.001 -11"><span class='ocrx_word' id='word_1_70' title='bbox 176 1130 387 1178; x_wconf 89' lang='lat' dir='ltr'>Strepsiadi</span> <span class='ocrx_word' id='word_1_71' title='bbox 416 1130 613 1177; x_wconf 87' lang='lat' dir='ltr'>ingeniosa</span> <span class='ocrx_word' id='word_1_72' title='bbox 640 1130 744 1166; x_wconf 88' lang='lat' dir='ltr'>venit</span> <span class='ocrx_word' id='word_1_73' title='bbox 770 1130 805 1165; x_wconf 92' lang='lat' dir='ltr'>in</span> <span class='ocrx_word' id='word_1_74' title='bbox 835 1135 1004 1166; x_wconf 88' lang='lat' dir='ltr'>mentem</span> <span class='ocrx_word' id='word_1_75' title='bbox 1027 1130 1231 1177; x_wconf 82' lang='lat' dir='ltr'>cogitatio:</span> <span class='ocrx_word' id='word_1_76' title='bbox 1261 1129 1301 1166; x_wconf 86' lang='lat' dir='ltr'>Si</span> <span class='ocrx_word' id='word_1_77' title='bbox 1324 1129 1452 1166; x_wconf 91' lang='lat' dir='ltr'>lunam</span> 
     </span>
     <span class='ocr_line' id='line_1_14' title="bbox 172 1204 634 1249; baseline -0.002 -8"><span class='ocrx_word' id='word_1_78' title='bbox 172 1217 225 1241; x_wconf 88' lang='lat' dir='ltr'>ex</span> <span class='ocrx_word' id='word_1_79' title='bbox 253 1204 360 1241; x_wconf 90' lang='lat' dir='ltr'>caelo</span> <span class='ocrx_word' id='word_1_80' title='bbox 388 1205 634 1249; x_wconf 90' lang='lat' dir='ltr'>deducerem,</span> 
     </span>
    </p>

    <p class='ocr_par' dir='ltr' id='par_1_8' title="bbox 171 1279 1452 1551">
     <span class='ocr_line' id='line_1_15' title="bbox 1096 1279 1242 1316; baseline 0.007 -1"><span class='ocrx_word' id='word_1_81' title='bbox 1096 1279 1177 1316; x_wconf 64' lang='grc' dir='ltr'><em>εἶτα</em></span> <span class='ocrx_word' id='word_1_82' title='bbox 1205 1280 1242 1316; x_wconf 72' lang='grc' dir='ltr'>δὲ</span> 
     </span>
     <span class='ocr_line' id='line_1_16' title="bbox 360 1336 1241 1403; baseline 0 -14"><span class='ocrx_word' id='word_1_83' title='bbox 360 1353 475 1398; x_wconf 77' lang='grc' dir='ltr'><em>οιύτην</em></span> <span class='ocrx_word' id='word_1_84' title='bbox 503 1336 730 1402; x_wconf 68' lang='grc' dir='ltr'>καθείρξαιμ’</span> <span class='ocrx_word' id='word_1_85' title='bbox 761 1352 795 1394; x_wconf 82' lang='grc' dir='ltr'>ἐς</span> <span class='ocrx_word' id='word_1_86' title='bbox 823 1352 967 1399; x_wconf 75' lang='grc' dir='ltr'><em>λοφεῖον</em></span> <span class='ocrx_word' id='word_1_87' title='bbox 993 1355 1241 1403; x_wconf 73' lang='grc' dir='ltr'>στρογγύλον,</span> 
     </span>
     <span class='ocr_line' id='line_1_17' title="bbox 357 1425 1154 1478; baseline 0.001 -14"><span class='ocrx_word' id='word_1_88' title='bbox 357 1430 472 1477; x_wconf 83' lang='grc' dir='ltr'><em>ὥσπερ</em></span> <span class='ocrx_word' id='word_1_89' title='bbox 499 1427 719 1477; x_wconf 91' lang='grc' dir='ltr'><em>κάτοπτρον,</em></span> <span class='ocrx_word' id='word_1_90' title='bbox 745 1425 845 1473; x_wconf 73' lang='grc' dir='ltr'>κᾷτά</span> <span class='ocrx_word' id='word_1_91' title='bbox 875 1430 1011 1478; x_wconf 84' lang='grc' dir='ltr'><em>τηροίην</em></span> <span class='ocrx_word' id='word_1_92' title='bbox 1039 1430 1154 1475; x_wconf 79' lang='grc' dir='ltr'><em>ἔχων,</em></span> 
     </span>
     <span class='ocr_line' id='line_1_18' title="bbox 171 1502 1452 1551; baseline -0.001 -12"><span class='ocrx_word' id='word_1_93' title='bbox 171 1515 217 1539; x_wconf 89' lang='lat' dir='ltr'>ac</span> <span class='ocrx_word' id='word_1_94' title='bbox 239 1503 375 1539; x_wconf 91' lang='lat' dir='ltr'>deinde</span> <span class='ocrx_word' id='word_1_95' title='bbox 397 1502 618 1539; x_wconf 85' lang='lat' dir='ltr'>conclusam</span> <span class='ocrx_word' id='word_1_96' title='bbox 643 1503 680 1538; x_wconf 92' lang='lat' dir='ltr'>in</span> <span class='ocrx_word' id='word_1_97' title='bbox 704 1514 820 1550; x_wconf 87' lang='lat' dir='ltr'>capsa</span> <span class='ocrx_word' id='word_1_98' title='bbox 841 1503 1016 1548; x_wconf 87' lang='lat' dir='ltr'>rotunda,</span> <span class='ocrx_word' id='word_1_99' title='bbox 1041 1508 1240 1551; x_wconf 85' lang='lat' dir='ltr'>tamquam</span> <span class='ocrx_word' id='word_1_100' title='bbox 1255 1503 1452 1551; x_wconf 89' lang='lat' dir='ltr'>speculum</span> 
     </span>
    </p>
   </div>
   <div class='ocr_carea' id='block_1_5' title="bbox 169 1589 420 1615">
    <p class='ocr_par' dir='ltr' id='par_1_9' title="bbox 169 1589 420 1615">
     <span class='ocr_line' id='line_1_19' title="bbox 169 1589 420 1615; baseline 0.004 -1"><span class='ocrx_word' id='word_1_101' title='bbox 169 1589 407 1614; x_wconf 77' lang='lat' dir='ltr'>aSSCrval‘em</span> <span class='ocrx_word' id='word_1_102' title='bbox 413 1607 420 1615; x_wconf 89' lang='lat'><strong><em>.</em></strong></span> 
     </span>
    </p>
   </div>
   <div class='ocr_carea' id='block_1_6' title="bbox 169 1697 1492 2122">
    <p class='ocr_par' dir='ltr' id='par_1_10' title="bbox 170 1697 1454 1895">
     <span class='ocr_line' id='line_1_20' title="bbox 225 1697 1441 1745; baseline 0.001 -11"><span class='ocrx_word' id='word_1_103' title='bbox 225 1697 443 1735; x_wconf 89' lang='lat' dir='ltr'>Botularius</span> <span class='ocrx_word' id='word_1_104' title='bbox 494 1697 663 1733; x_wconf 89' lang='lat' dir='ltr'>Demum</span> <span class='ocrx_word' id='word_1_105' title='bbox 707 1697 872 1734; x_wconf 88' lang='lat' dir='ltr'>edocens</span> <span class='ocrx_word' id='word_1_106' title='bbox 898 1697 1033 1744; x_wconf 79' lang='lat' dir='ltr'>qualis</span> <span class='ocrx_word' id='word_1_107' title='bbox 1075 1704 1188 1734; x_wconf 87' lang='lat' dir='ltr'>antea</span> <span class='ocrx_word' id='word_1_108' title='bbox 1229 1698 1338 1734; x_wconf 90' lang='lat' dir='ltr'>fuerit</span> <span class='ocrx_word' id='word_1_109' title='bbox 1379 1698 1441 1745; x_wconf 91' lang='lat' dir='ltr'>Eq</span> 
     </span>
     <span class='ocr_line' id='line_1_21' title="bbox 170 1770 1454 1819; baseline -0.001 -11"><span class='ocrx_word' id='word_1_110' title='bbox 170 1784 225 1808; x_wconf 82' lang='lat' dir='ltr'>vs</span> <span class='ocrx_word' id='word_1_111' title='bbox 272 1779 369 1819; x_wconf 88' lang='lat'>1347</span> <span class='ocrx_word' id='word_1_112' title='bbox 407 1771 625 1808; x_wconf 89' lang='lat' dir='ltr'>contendit:</span> <span class='ocrx_word' id='word_1_113' title='bbox 665 1770 731 1817; x_wconf 80' lang='lat' dir='ltr'>„Si</span> <span class='ocrx_word' id='word_1_114' title='bbox 769 1771 854 1818; x_wconf 88' lang='lat' dir='ltr'>quis</span> <span class='ocrx_word' id='word_1_115' title='bbox 887 1771 956 1807; x_wconf 91' lang='lat' dir='ltr'>tibi</span> <span class='ocrx_word' id='word_1_116' title='bbox 993 1770 1246 1815; x_wconf 83' lang='lat' dir='ltr'>blandiretur,</span> <span class='ocrx_word' id='word_1_117' title='bbox 1283 1771 1454 1808; x_wconf 87' lang='lat' dir='ltr'>facillime</span> 
     </span>
     <span class='ocr_line' id='line_1_22' title="bbox 171 1845 1208 1895; baseline -0.002 -11"><span class='ocrx_word' id='word_1_118' title='bbox 171 1853 209 1884; x_wconf 89' lang='lat' dir='ltr'>te</span> <span class='ocrx_word' id='word_1_119' title='bbox 237 1847 413 1895; x_wconf 86' lang='lat' dir='ltr'>decipere</span> <span class='ocrx_word' id='word_1_120' title='bbox 441 1851 613 1894; x_wconf 88' lang='lat' dir='ltr'>poterat,</span> <span class='ocrx_word' id='word_1_121' title='bbox 643 1852 685 1882; x_wconf 92' lang='lat' dir='ltr'>tu</span> <span class='ocrx_word' id='word_1_122' title='bbox 714 1845 851 1882; x_wconf 89' lang='lat' dir='ltr'>stolide</span> <span class='ocrx_word' id='word_1_123' title='bbox 880 1845 969 1882; x_wconf 89' lang='lat' dir='ltr'>nihil</span> <span class='ocrx_word' id='word_1_124' title='bbox 997 1846 1208 1891; x_wconf 87' lang='lat' dir='ltr'>sentiebas,</span> 
     </span>
    </p>

    <p class='ocr_par' dir='ltr' id='par_1_11' title="bbox 169 1918 1492 2122">
     <span class='ocr_line' id='line_1_23' title="bbox 357 1918 1492 1968; baseline 0.002 -10"><span class='ocrx_word' id='word_1_125' title='bbox 357 1920 407 1958; x_wconf 74' lang='grc' dir='ltr'>τοὶ</span> <span class='ocrx_word' id='word_1_126' title='bbox 436 1920 467 1958; x_wconf 83' lang='grc' dir='ltr'>δ’</span> <span class='ocrx_word' id='word_1_127' title='bbox 497 1920 576 1958; x_wconf 77' lang='grc' dir='ltr'>ὦτά</span> <span class='ocrx_word' id='word_1_128' title='bbox 604 1918 645 1967; x_wconf 80' lang='grc' dir='ltr'>γ’</span> <span class='ocrx_word' id='word_1_129' title='bbox 676 1920 721 1957; x_wconf 67' lang='grc' dir='ltr'><em>ἄν</em></span> <span class='ocrx_word' id='word_1_130' title='bbox 747 1933 809 1957; x_wconf 84' lang='grc' dir='ltr'>σου</span> <span class='ocrx_word' id='word_1_131' title='bbox 836 1921 875 1966; x_wconf 77' lang='grc' dir='ltr'><em>νη</em></span> <span class='ocrx_word' id='word_1_132' title='bbox 904 1919 968 1957; x_wconf 88' lang='grc' dir='ltr'>Δί’</span> <span class='ocrx_word' id='word_1_133' title='bbox 997 1919 1256 1968; x_wconf 70' lang='grc' dir='ltr'>ἐξεπετάννυτο</span> <span class='ocrx_word' id='word_1_134' title='bbox 1451 1935 1492 1960; x_wconf 61' lang='lat'>§-</span> 
     </span>
     <span class='ocr_line' id='line_1_24' title="bbox 357 1997 1112 2047; baseline -0.001 -13"><span class='ocrx_word' id='word_1_135' title='bbox 357 1999 472 2047; x_wconf 84' lang='grc' dir='ltr'><em>ὥσπερ</em></span> <span class='ocrx_word' id='word_1_136' title='bbox 501 1997 675 2033; x_wconf 78' lang='grc' dir='ltr'><em>σκιάδειον</em></span> <span class='ocrx_word' id='word_1_137' title='bbox 702 1999 763 2033; x_wconf 79' lang='grc' dir='ltr'><em>κοιὶ</em></span> <span class='ocrx_word' id='word_1_138' title='bbox 787 1999 895 2033; x_wconf 83' lang='grc' dir='ltr'><em>πάλιν</em></span> <span class='ocrx_word' id='word_1_139' title='bbox 922 1997 1112 2042; x_wconf 70' lang='grc' dir='ltr'><em>συνήγετο.</em></span> 
     </span>
     <span class='ocr_line' id='line_1_25' title="bbox 169 2070 1455 2122; baseline -0.001 -12"><span class='ocrx_word' id='word_1_140' title='bbox 169 2079 370 2122; x_wconf 87' lang='lat' dir='ltr'>tamquam</span> <span class='ocrx_word' id='word_1_141' title='bbox 400 2071 588 2120; x_wconf 87' lang='lat' dir='ltr'>umbella,</span> <span class='ocrx_word' id='word_1_142' title='bbox 623 2070 831 2117; x_wconf 88' lang='lat' dir='ltr'>mehercle,</span> <span class='ocrx_word' id='word_1_143' title='bbox 861 2083 972 2108; x_wconf 86' lang='lat' dir='ltr'>aures</span> <span class='ocrx_word' id='word_1_144' title='bbox 1000 2077 1089 2109; x_wconf 89' lang='lat' dir='ltr'>tuae</span> <span class='ocrx_word' id='word_1_145' title='bbox 1117 2084 1158 2108; x_wconf 92' lang='lat' dir='ltr'>se</span> <span class='ocrx_word' id='word_1_146' title='bbox 1185 2072 1455 2109; x_wconf 88' lang='lat' dir='ltr'>distendebant</span> 
     </span>
    </p>
   </div>
   <div class='ocr_carea' id='block_1_7' title="bbox 171 2146 686 2184">
    <p class='ocr_par' dir='ltr' id='par_1_12' title="bbox 171 2146 686 2184">
     <span class='ocr_line' id='line_1_26' title="bbox 171 2146 686 2184; baseline -0.002 -1"><span class='ocrx_word' id='word_1_147' title='bbox 171 2153 210 2184; x_wconf 88' lang='lat' dir='ltr'>et</span> <span class='ocrx_word' id='word_1_148' title='bbox 237 2160 366 2184; x_wconf 89' lang='lat' dir='ltr'>rursus</span> <span class='ocrx_word' id='word_1_149' title='bbox 393 2146 686 2184; x_wconf 85' lang='lat' dir='ltr'>contrahebant.</span> 
     </span>
    </p>
   </div>
   <div class='ocr_carea' id='block_1_8' title="bbox 171 2264 1455 2385">
    <p class='ocr_par' dir='ltr' id='par_1_13' title="bbox 171 2264 1455 2385">
     <span class='ocr_line' id='line_1_27' title="bbox 225 2264 1455 2313; baseline 0 -11"><span class='ocrx_word' id='word_1_150' title='bbox 225 2266 375 2303; x_wconf 92' lang='lat' dir='ltr'>Notum</span> <span class='ocrx_word' id='word_1_151' title='bbox 411 2272 470 2302; x_wconf 90' lang='lat' dir='ltr'>est</span> <span class='ocrx_word' id='word_1_152' title='bbox 508 2264 676 2302; x_wconf 88' lang='lat' dir='ltr'>Athenis</span> <span class='ocrx_word' id='word_1_153' title='bbox 708 2265 933 2313; x_wconf 88' lang='lat' dir='ltr'>plerumque</span> <span class='ocrx_word' id='word_1_154' title='bbox 970 2265 1146 2301; x_wconf 87' lang='lat' dir='ltr'>mulieres</span> <span class='ocrx_word' id='word_1_155' title='bbox 1187 2266 1292 2301; x_wconf 94' lang='lat' dir='ltr'>domi</span> <span class='ocrx_word' id='word_1_156' title='bbox 1327 2271 1455 2302; x_wconf 90' lang='lat' dir='ltr'>vestes</span> 
     </span>
     <span class='ocr_line' id='line_1_28' title="bbox 171 2339 1454 2385; baseline 0.001 -9"><span class='ocrx_word' id='word_1_157' title='bbox 171 2339 361 2377; x_wconf 89' lang='lat' dir='ltr'>conficere</span> <span class='ocrx_word' id='word_1_158' title='bbox 410 2339 542 2378; x_wconf 85' lang='lat' dir='ltr'>solitas</span> <span class='ocrx_word' id='word_1_159' title='bbox 593 2350 694 2384; x_wconf 90' lang='lat' dir='ltr'>esse,</span> <span class='ocrx_word' id='word_1_160' title='bbox 739 2345 915 2377; x_wconf 87' lang='lat' dir='ltr'>curantes</span> <span class='ocrx_word' id='word_1_161' title='bbox 957 2341 1052 2376; x_wconf 80' lang='grc' dir='ltr'><em>ἱστόν</em></span> <span class='ocrx_word' id='word_1_162' title='bbox 1093 2340 1127 2375; x_wconf 90' lang='grc' dir='ltr'>τ’</span> <span class='ocrx_word' id='word_1_163' title='bbox 1171 2339 1360 2385; x_wconf 73' lang='grc' dir='ltr'><em>ἠλακάτην</em></span> <span class='ocrx_word' id='word_1_164' title='bbox 1400 2354 1454 2377; x_wconf 86' lang='grc' dir='ltr'>τε.</span> 
     </span>
    </p>
   </div>
   <div class='ocr_carea' id='block_1_9' title="bbox 169 2414 1453 2462">
    <p class='ocr_par' dir='ltr' id='par_1_14' title="bbox 169 2414 1453 2462">
     <span class='ocr_line' id='line_1_29' title="bbox 169 2414 1453 2462; baseline 0.001 -10"><span class='ocrx_word' id='word_1_165' title='bbox 169 2416 326 2453; x_wconf 90' lang='lat' dir='ltr'>Etenim</span> <span class='ocrx_word' id='word_1_166' title='bbox 363 2414 568 2452; x_wconf 90' lang='lat' dir='ltr'>lanificium</span> <span class='ocrx_word' id='word_1_167' title='bbox 605 2414 680 2451; x_wconf 82' lang='lat' dir='ltr'>fere</span> <span class='ocrx_word' id='word_1_168' title='bbox 722 2415 875 2451; x_wconf 90' lang='lat' dir='ltr'>unicum</span> <span class='ocrx_word' id='word_1_169' title='bbox 903 2414 1120 2452; x_wconf 88' lang='lat' dir='ltr'>habebatur</span> <span class='ocrx_word' id='word_1_170' title='bbox 1147 2415 1364 2462; x_wconf 88' lang='lat' dir='ltr'>negotium,</span> <span class='ocrx_word' id='word_1_171' title='bbox 1394 2417 1453 2453; x_wconf 90' lang='lat' dir='ltr'>cui</span> 
     </span>
    </p>
   </div>
  </div>
 </body>
</html>
