1619 2759
766 135 815 173 45

215 250 268 288 Cf.
299 250 499 299 Eupolidis
525 261 699 288 versum:

373 325 415 363 τὸ
442 323 534 381 σῶμΪ
563 326 702 373 ἔχουσα
729 328 841 369 λεῖον,
869 327 983 376 ὥσπερ
1012 327 1187 374 ἔγχελυς.

216 415 279 452 Fr.
307 415 386 462 416
413 415 584 452 continet
610 414 706 452 haec
731 415 871 452 verba:

401 488 693 541 Ἀπασκαρίζειν
719 491 868 540 ὡσπερεῖ
891 491 1018 540 πέρκην
1045 493 1189 538 χαμαί.

218 579 350 616 Humo
377 580 546 629 prosilire
572 585 773 629 tamquam
800 592 965 630 peream.

497 791 776 829 ANIMALIA
803 790 1110 830 CRUSTATA.

221 887 309 923 Non
350 888 483 925 inscite
522 887 677 925 Thesm.
720 900 777 925 vs·
819 896 895 936 530
934 888 1073 925 chorus
1114 889 1313 924 mulierum
1354 895 1443 936 post

167 962 358 1009 proverbii
385 963 524 999 verba:

483 1036 574 1084 „find
602 1035 683 1083 λίθῳ
710 1036 787 1088 γοὶρ
814 1039 928 1074 παντί
952 1051 1017 1075 που
1044 1037 1117 1088 χρὴ
1141 1037 1196 1084 μὴ
1220 1035 1336 1085 δακῃ”

222 1109 490 1161 ἀπροσδοκήτως
517 1113 666 1159 pergit:
696 1113 834 1162 ,ῥήτωρ
863 1110 1004 1162 ἀθρεῖν”
1032 1124 1102 1160 pro
1130 1115 1288 1162 σκορπίον
1317 1111 1443 1162 ἀθρεῖν.

222 1199 279 1237 Cf.
306 1199 505 1248 Eupolidis
532 1199 572 1238 fr.
603 1209 674 1248 231

995 1275 1109 1320 Τῆνος
1136 1276 1251 1320 αὕτη,

277 1350 426 1392 πολλοὺς
454 1351 593 1397 ἔχουσα
621 1352 800 1400 σκορπίους
829 1351 928 1397 ἔχεις
956 1364 997 1387 τε
1025 1349 1273 1397 συκοφάντας·

171 1437 215 1462 ac
254 1423 483 1473 [Demosth]
524 1424 651 1469 XXV,
693 1432 761 1471 52,
801 1424 865 1461 ubi
899 1430 1030 1461 orator
1066 1430 1224 1472 poetam
1270 1425 1323 1461 ita
1365 1426 1446 1461 imi-

172 1506 276 1537 tatus
304 1506 380 1537 est:

225 1576 410 1624 πορεύεται
445 1573 504 1611 διὰ
532 1576 597 1620 τῆς
624 1573 765 1623 ἀγορᾶς
791 1575 904 1623 ὥσπερ
933 1572 1059 1620 ἔχιςῆ
1087 1576 1244 1623 σκορπίος
1271 1573 1380 1623 ἠρκὼς
1407 1575 1448 1611 τὸ

172 1649 325 1698 κέντρον.
353 1662 387 1685 κ.
415 1662 451 1685 τ.
480 1649 508 1685 ἑ.

226 1730 325 1768 Cum
361 1731 480 1779 Vesp.
510 1742 566 1767 vs.
602 1737 700 1778 1509
728 1741 827 1766 unus
854 1729 1001 1767 Carcini
1028 1729 1191 1767 filiorum
1219 1742 1372 1768 scenam
1399 1733 1449 1769 ad

174 1806 391 1843 saltandum
414 1806 541 1851 intrat,
564 1817 684 1842 senex
707 1804 923 1842 Philocleon
947 1805 996 1841 ad
1020 1806 1100 1841 eius
1124 1817 1263 1842 nomen
1278 1806 1449 1843 alludens

173 1881 425 1929 contemptim
452 1885 584 1928 rogat:

183 1941 186 1944 .
384 1956 487 1992 τουτὶ
514 1957 554 1991 τί
576 1951 617 1999 ἦν
644 1958 686 1991 τὸ
714 1954 902 2004 προσέρπον
911 1967 922 1998 ;
952 1953 1025 2000 ὅξὶς
1052 1953 1072 1997 ἢ
1095 1952 1285 2001 Φάλαγές

215 2029 359 2067 Xanth.
389 2030 408 2066 ὁ
434 2021 636 2079 πιννοτήρης
662 2025 762 2070 οὗτός
791 2026 867 2065 ε’στι
895 2025 959 2065 τοῦ
985 2028 1130 2074 γένους,

386 2104 405 2139 ὁ
432 2104 691 2152 σμικρότατος,
721 2101 757 2143 ὃς
784 2102 851 2147 τὴν
877 2102 1087 2151 τραγῳδίαν
1115 2105 1212 2138 ποιεῖ.

261 2176 352 2215 Phil.
382 2175 408 2214 ὦ
436 2174 606 2227 Καρκίν’,
636 2174 662 2213 ὦ
691 2175 849 2226 μακάριε
876 2178 942 2218 τῆς
969 2174 1164 2217 εὐπαιδίας·

388 2253 465 2288 ὅσον
492 2250 534 2288 τὸ
561 2249 688 2296 πλῆθος
714 2250 913 2287 κατέπεσεν
938 2251 1009 2285 τῶν
1035 2249 1200 2299 ὀρχίλων.
