1619 2759
782 159 826 201 35

185 275 190 279 ”
220 275 437 326 Hesychius
472 284 654 317 annotat:
693 278 976 325 Διακίγκλισονε
1010 278 1194 315 διοίσεισον.
1230 279 1379 324 κίγκλος
1405 277 1444 314 δὲ

165 352 276 400 ὄρνεον
303 353 323 397 ἡ
353 356 568 400 σεισοπυγίς.
596 354 786 390 Videntur
809 352 848 389 hi
876 365 1007 390 versus
1034 365 1262 401 responsum
1286 364 1370 389 esse
1392 353 1443 389 ab

163 425 406 474 Amphiarao
434 427 579 465 mulieri
605 427 806 466 redditum.
838 425 1046 479 (Dindorf.)

213 501 268 538 Cf.
299 502 341 539 fr.
376 513 390 539 1
423 503 668 548 Autocratis,
706 503 812 552 quod
838 509 965 540 totum
992 503 1217 547 laudamus,
1256 502 1441 549 quoniam

162 581 343 616 magnam
371 570 654 608 similitudinem
681 571 841 619 praebet
863 583 951 608 cum
965 571 1058 619 Lys.
1075 583 1130 608 vs,
1153 570 1251 617 1308
1267 581 1323 617 sq.
1340 580 1439 616 quos

163 656 278 692 supra
305 647 701 684 commemoravimus.

529 773 586 811 οἷοι
612 773 796 823 παίζουσιν
821 773 930 821 φίλαι

479 896 485 902 ρ
529 848 688 900 παρθένοι
717 849 852 887 Λυδῶν
878 852 998 900 κόραι,

528 926 650 972 κοῦφοι
677 925 836 970 mactant
862 926 1004 971 κόμαν,

525 998 805 1051 κάνακρούουσοει
831 1004 972 1050 χεροῖν,

527 1073 711 1120 Ἐφεσίαν
739 1075 823 1124 παρ’
853 1073 1065 1124 ''Am-spem,

524 1151 741 1192 καλλίσταν,
768 1150 832 1185 καὶ
856 1152 931 1186 τοῖν
957 1142 1084 1196 ἰάχίοιν

525 1222 566 1259 τὸ
594 1222 663 1269 μὲν
689 1223 791 1260 κοὶτω
819 1222 861 1260 τὸ
889 1223 920 1259 δ’
951 1221 999 1259 αὖ

524 1298 571 1339 εἰς
600 1298 672 1334 ἄνω
700 1298 892 1349 ὲξοιίρουσα

522 1372 578 1410 οἷα
607 1376 757 1419 κίγκλος
784 1373 953 1410 ἅλλεται.

631 1729 952 1768 INSECTA.

202 1841 304 1878 Inter
339 1841 434 1878 haec
469 1853 610 1890 vespae
644 1843 821 1878 nimirum
849 1842 964 1889 longe
990 1841 1177 1889 plurimae
1204 1848 1426 1886 occurrunt,

110 1931 113 1934 ⁴
147 1917 290 1965 quippe
313 1928 402 1953 cum
422 1922 506 1954 tota
527 1922 667 1965 poetae
690 1916 818 1953 fabula
842 1927 983 1952 nomen
1015 1916 1066 1952 ab
1094 1916 1175 1952 istis
1189 1915 1427 1952 ferocissimis

146 1991 314 2028 bestiolis
341 1992 605 2039 desumpserit.
632 1991 833 2028 Probabile
855 1990 947 2027 mihi
962 1991 1113 2028 videtur
1126 1990 1243 2028 Hom.
1260 1990 1302 2027 ΙΙ.
1318 1990 1423 2029 XVI.

144 2076 201 2101 vs.
231 2072 308 2112 259
341 2070 482 2113 poetae
518 2071 651 2102 nostro
688 2065 964 2120 cogitationem
994 2064 1315 2113 suppeditavisse,
1346 2077 1423 2112 qua

145 2138 331 2185 fabulam,
368 2150 488 2187 quam
520 2139 557 2175 in
591 2144 721 2175 mente
755 2139 921 2175 versavit
955 2145 1089 2176 contra
1122 2138 1421 2176 Atheniensium

144 2213 367 2251 iudiciorum
408 2214 584 2250 insanum
626 2225 818 2260 amorem,
862 2219 904 2251 ut
943 2214 996 2251 ita
1032 2213 1177 2259 dicam,
1206 2203 1422 2252 exstrueret

143 2294 184 2326 et
210 2294 374 2326 ornaret.

197 2378 308 2414 Felix
340 2378 374 2416 ei
401 2383 440 2414 et
467 2377 633 2414 facetum
661 2378 765 2415 venit
793 2378 831 2414 in
859 2383 1027 2415 mentem
1067 2378 1270 2415 inventum·
1302 2379 1420 2426 adap-

142 2452 247 2490 tandi
285 2451 477 2490 choreutis
512 2452 665 2490 aculeos
700 2465 915 2502 vesparum.
954 2452 1029 2501 Ipsi
1057 2463 1167 2489 senes
1193 2452 1334 2489 iudices
1361 2465 1417 2490 vs.
