1619 2759
776 145 825 181 43

215 259 371 299 Thesm.
415 274 470 298 vs.
505 262 605 299 1180
641 273 784 298 novum
820 260 1007 298 habemus
1044 262 1267 311 exemplum
1304 263 1439 299 urbani

162 334 332 383 Scythae
359 337 498 384 ingenii
510 349 519 382 ς
548 336 787 373 admirationi
815 348 907 373 suae
922 349 1013 385 erga
1027 337 1194 385 puellam
1208 337 1439 374 saltatricem

162 409 264 448 hisce
292 411 417 448 verbis
446 410 639 460 indulget:

373 494 419 535 ὠς
447 492 619 543 ἑλαπρὸς,
647 496 760 543 ὥσπερ
787 495 904 539 ψύλλο
932 493 1034 530 κατὰ
1063 494 1104 531 τὸ
1131 495 1245 530 κώδιο.

214 567 365 606 Satisne
401 568 539 606 scitum
572 573 650 615 est,
679 568 798 605 immo
824 567 1068 617 Scythicum,
1097 568 1243 607 facilem
1272 569 1437 618 puellam

162 644 383 680 assimulare
411 643 525 692 pulici
552 644 590 680 in
617 643 739 681 lodice
766 644 999 681 lascivienti?

215 719 257 755 In
311 718 439 755 fabula
496 717 981 767 Thesmophoriazusarum
1031 719 1233 768 Euripides
1281 721 1439 769 eiusque

162 806 287 838 socer,
316 799 524 841 postquam
550 799 641 830 ante
667 793 828 829 domum
852 799 991 841 poetae
1005 793 1228 842 Agathonis
1241 801 1438 840 venerunt,

162 880 250 905 eum
291 868 416 916 ipsum
456 867 670 916 adspiciunt
706 866 982 914 ἐκκυκλούμενον
1020 866 1134 917 (sicut
1171 868 1373 916 Euripides
1402 869 1438 904 in

162 943 289 980 fabula
304 942 646 992 Acharnensium);
663 955 741 992 quo
755 943 838 980 viso
853 942 1111 980 Mnesilochus
1127 956 1203 980 non
1217 949 1347 992 potest
1363 956 1438 980 non

162 1019 378 1056 exclamare
409 1031 466 1055 vs.
494 1026 568 1066 97:

346 1092 432 1130 ἀλλ’
461 1092 481 1139 ἢ
509 1091 649 1141 τυφλὸς
676 1093 745 1140 μέν
771 1092 857 1140 εἰμ’·
887 1095 962 1140 ἐγὼ
990 1093 1066 1144 γὰρ
1094 1093 1165 1142 οὐχ
1193 1096 1257 1145 ὁρῶ

345 1163 442 1212 ἄνδρ’
470 1161 579 1199 οὐδέν’
609 1160 723 1198 ἐνθάδ’
752 1164 861 1204 ὄντα,
890 1160 1059 1211 Κυρήνην
1086 1160 1117 1198 δ’
1145 1164 1222 1212 ὁρῶ·

227 1230 320 1267 Eur.
348 1231 452 1276 σίγα·
482 1229 656 1277 μελῳδεῖν
684 1226 733 1265 αὖ
760 1226 1092 1280 παρασκευάζεται.

228 1307 308 1342 Mn.
338 1307 523 1355 μύρμηκος
549 1303 753 1354 ἀτραποὺς,
784 1303 803 1349 ἢ
832 1307 872 1340 τί
897 1305 1162 1354 διαμινύρεται;

159 1380 209 1417 ad
224 1379 318 1417 haec
335 1378 539 1417 scholiasta
553 1384 724 1416 annotat:
736 1379 781 1421 ὡς
792 1377 913 1416 λεπτοὶ
923 1377 1145 1425 nazaraeum
1155 1377 1439 1430 ἀνακρουομένου

161 1456 254 1502 μέλη
283 1457 347 1491 τοῦ
373 1453 602 1500 Ἀγαθῶνος·
630 1456 799 1491 τοιαῦται
825 1453 902 1503 γοὶρ
931 1456 972 1490 αἱ
996 1457 1066 1490 τῶν
1093 1456 1289 1504 μυρμήκων
1303 1456 1383 1491 ὁδοί.

214 1528 314 1577 Quia
341 1528 402 1564 alii
428 1527 522 1564 alios
545 1532 750 1576 sequentes
772 1527 855 1563 soni
878 1528 1013 1564 seriem
1041 1528 1236 1576 quandam
1251 1529 1307 1577 (et
1320 1529 1438 1566 veluti

161 1604 266 1640 vocis
288 1601 374 1653 iter)
396 1603 573 1648 efficiunt,
590 1602 793 1639 artificiosa
807 1615 852 1639 ac
865 1602 1019 1639 subtilia
1033 1604 1202 1640 carmina
1216 1603 1438 1652 Agathonis

161 1689 249 1715 cum
277 1678 458 1715 tortuosis
486 1677 555 1713 viis
585 1677 827 1714 formicarum
856 1678 1069 1725 comparari
1097 1683 1269 1726 possunt.

215 1753 270 1791 Cf.
317 1752 549 1789 Pherecratis
579 1751 620 1788 fr.
656 1759 749 1798 145,
780 1752 817 1788 in
852 1764 930 1800 quo
969 1753 1082 1789 Musa
1109 1753 1280 1800 queritur
1314 1759 1437 1790 artem

162 1826 347 1865 musicam
375 1839 398 1863 a
425 1826 537 1863 variis
574 1827 699 1875 poetis
735 1827 985 1875 depravatam
1019 1839 1120 1873 esse,
1148 1828 1196 1864 de
1232 1827 1439 1865 Timotheo

162 1907 291 1938 autem
319 1901 533 1948 praedicat:

174 1960 177 1963 Α
319 1975 418 2012 κακοὶ
447 1988 508 2022 μοι
534 1975 705 2026 παρέχων
732 1974 903 2016 ἅπαντας
932 1973 1031 2017 οὗτος
1059 1975 1117 2017 οὓς
1145 1976 1244 2021 λέγω

320 2047 533 2100 παρελήλυθ’
562 2048 720 2096 ἀγαπῶν
749 2048 987 2098 ἐκτραπέλους
1015 2052 1233 2100 μυρμηκίοις.

673 2268 925 2309 PISCES.

213 2367 255 2403 In
278 2367 449 2415 episodio
472 2366 663 2415 Euripidis
684 2366 834 2403 fabulae
857 2365 1016 2414 Telephi
1037 2365 1098 2403 hic
1120 2365 1233 2403 heros
1255 2366 1438 2404 infantem

160 2442 338 2480 Orestem
352 2441 450 2479 clam
464 2442 616 2491 surripit
630 2453 798 2491 eumque
812 2453 853 2478 se
867 2440 1151 2479 interfecturum
1166 2452 1248 2477 esse
1259 2441 1437 2486 minatur,
