1619 2759
171 271 337 309 Hermes
366 285 421 309 vs.
450 274 523 319 481
556 274 658 313 dicit.

546 335 550 338 ⁸
722 344 879 381 ἕλκουσιν
906 342 936 381 δ’
966 345 1078 394 ὁμως,

272 419 540 466 γλισχρότατα
569 416 816 467 σαρκάζοντες
843 420 957 469 ὥσπερ
984 416 1131 466 κυνιδια,

169 490 377 538 respondet
404 491 620 540 Trygaeus.

273 581 339 618 ὑπὸ
367 583 431 628 τοῦ
457 595 506 628 γε
534 584 643 629 λιμοῦ
669 584 708 628 νὴ
734 583 786 620 Δί
792 582 1095 634 ’ἐξολωλότες(ῑ)
1123 583 1217 620 alter
1240 589 1323 619 tum
1346 583 1446 619 dicit.

223 670 387 718 „Neque
415 671 661 719 Megarenses
688 672 898 720 quicquam
924 671 1084 721 agunt.'’

223 745 442 791 „Attamen
457 746 674 783 avidissime
687 746 856 792 trahunt,
872 747 1066 795 ringentes
1080 753 1281 795 tamquam
1296 745 1449 784 catuli.''

223 819 410 868 „Propter
436 820 577 857 famem
605 821 767 867 scilicet,
796 834 874 869 qua
903 821 1123 870 dispereunt
1150 821 1330 859 miselli!''

224 960 331 997 Idem
372 961 466 998 deus
507 962 703 1010 explicans
739 975 807 999 cur
842 963 920 1000 Pax
958 975 1009 1000 ex
1048 963 1209 1001 Graecia
1245 963 1448 1011 aufugerit,

171 1035 271 1072 inter
297 1035 370 1072 alia
397 1035 471 1073 hoc
499 1048 655 1085 quoque
682 1043 860 1075 autumat
885 1051 941 1075 vs.
971 1039 1068 1087 639:

225 1109 307 1156 „Ii,
345 1111 409 1158 qui
447 1110 565 1147 verba
598 1111 767 1149 fecerunt
794 1112 831 1148 in
859 1112 962 1159 foro,
991 1113 1221 1150 clamoribus
1248 1114 1326 1150 suis
1353 1113 1452 1151 hanc
1489 1113 1494 1117 “

170 1185 284 1222 deam
312 1185 565 1234 expulerunt,

279 1279 351 1312 τῶν
377 1274 417 1313 δὲ
438 1277 662 1324 ,συμμάχων
688 1279 796 1314 ἔσειον
823 1278 905 1320 τους
932 1282 1067 1326 παχεῖς
1093 1280 1157 1315 καὶ
1178 1281 1371 1325 πλουσίους,

280 1351 401 1392 αἰτίας
427 1351 476 1388 ὀὲν
503 1350 744 1401 προστιθέντες
772 1354 818 1393 ὡς
845 1351 975 1402 φρονεῖ
993 1352 1044 1389 τοὶ
1072 1352 1257 1403 Βρασίδου.

280 1423 344 1462 εἶτ’
374 1424 421 1461 ὀὶν
449 1426 551 1472 ὑμεῖς
579 1424 705 1463 τοῦτον
731 1428 845 1477 ὥσπερ
871 1426 990 1463 κυνίδι’
1021 1426 1284 1479 ἐσπαράττετε·

224 1517 319 1565 Lys.
347 1530 402 1554 vs.
435 1519 511 1565 298
540 1530 651 1555 senes
675 1518 866 1566 clamant,
898 1518 1004 1555 fumo
1032 1531 1056 1555 a
1083 1518 1323 1565 mulieribus,
1352 1531 1452 1567 quae

171 1603 299 1628 arcem
324 1582 634 1640 occupaverunt,
659 1592 820 1640 repulsi:

360 1665 505 1716 ''sto-nep
533 1668 623 1703 κύων
653 1669 825 1703 λυττῶσα
849 1665 1065 1713 τώφθαλμὼ
1092 1666 1223 1703 δάκνει.

225 1770 409 1820 Σώζεσθαί
428 1771 461 1808 σ’
491 1770 649 1808 ἐκέλευσ’
671 1772 757 1822 ἱερὸν
771 1773 860 1808 κύνα
876 1772 1155 1822 καρχαρόδοντα
1179 1771 1341 1822 (Loxias
1356 1773 1450 1821 scil.)

173 1846 295 1885 Cleon
337 1847 411 1896 Eq.
454 1859 511 1884 vs,
559 1855 657 1894 1017
708 1847 835 1883 Demo
863 1847 973 1892 dicit,
1012 1846 1077 1883 ubi
1103 1846 1264 1884 oraculis
1291 1847 1453 1884 ridiculis

174 1935 264 1959 cum
304 1923 496 1960 botulario
538 1928 681 1967 certat,
721 1935 762 1958 se
797 1923 923 1970 ipsum
970 1934 1198 1969 comparans
1235 1935 1323 1958 cum
1359 1935 1454 1959 cane

172 1996 287 2045 vigili,
326 1996 514 2046 praesidio
554 1996 710 2033 domini.
749 1995 966 2035 Botularius
1002 2001 1155 2033 contra:
1193 1996 1356 2044 „Dicam
1384 1997 1454 2035 tibi

173 2079 296 2127 qualis
323 2079 372 2115 sit
399 2079 522 2115 canis:

349 2162 463 2211 ὥσπερ
491 2157 704 2211 ἀθάρηςῌ)
731 2173 793 2197 σου
820 2163 891 2198 τῶν
919 2162 1051 2207 λογίων
1079 2158 1267 2212 παρεσθίει.

217 2300 237 2337 ι)
271 2300 321 2329 Sic
352 2299 475 2331 distinxi
502 2301 621 2337 locum,
649 2300 700 2339 qui
728 2309 886 2339 perperam
907 2301 1058 2330 Mercurio
1079 2300 1247 2330 continuari
1269 2301 1345 2329 solet
1367 2305 1455 2332 totus.

174 2355 327 2384 Particula
346 2368 377 2393 γε
399 2356 487 2384 docet
515 2365 557 2386 VS.
579 2355 638 2392 483
666 2364 841 2393 responsum
866 2355 932 2384 dari
953 2356 993 2384 ad
1014 2355 1255 2384 observationem
1275 2364 1352 2393 quae
1372 2365 1456 2393 prae-

174 2409 254 2438 cedit
274 2409 437 2446 pertinens.

215 2462 253 2500 ι’)
275 2463 352 2494 Cod.
374 2464 457 2504 θύρας
477 2462 540 2492 sine
561 2472 658 2492 sensu.
680 2462 862 2492 Emendavit
883 2463 1088 2493 Hermannus.
