1619 2759
782 127 830 173 65

336 250 382 287 ‘O
406 250 437 288 δ’
466 250 514 288 αὖ
542 250 767 297 Σοφοκλέους
795 253 858 288 τοῦ
884 252 1006 298 μέλιτι
1033 253 1247 301 κεχριμένου

332 329 445 378 ὥσπερ
472 326 638 364 καδίσκου
667 327 864 377 περιέλειχε
892 327 933 364 τὸ
961 329 1098 374 στόμα.

173 400 373 449 Sophoclis
398 402 508 438 melle
531 401 622 439 illita
645 401 751 438 labra
777 402 892 438 veluti
916 402 999 438 cadi
1014 402 1210 440 delambit.
1230 402 1450 450 (Euripides

174 476 234 513 hic
262 476 463 525 significari
491 475 670 527 videtur.)

224 595 298 643 Eq.
328 608 384 632 vs.
413 604 489 643 973
526 595 665 632 chorus
701 596 736 631 in
777 608 852 632 una
878 596 1026 632 illarum
1054 596 1265 644 lepidarum
1295 596 1452 633 cantile-

170 682 323 714 narum,
380 682 477 718 quas
527 676 642 718 poeta
692 676 893 718 tamquam
945 671 1189 707 condimenta
1242 671 1449 708 identidem

169 743 326 790 largiter
352 756 496 780 coenae
522 745 649 790 addit,
677 745 819 792 gaudio
846 757 888 781 se
915 757 998 781 esse
1027 745 1310 782 exsultaturum
1335 746 1447 786 dicit,

171 818 211 864 ἢν
239 818 372 856 Κλέων
400 820 594 866 ἀπόληται.
623 814 891 870 Quamquam,
920 821 1064 869 inquit.
1097 821 1225 858 audivi
1253 823 1443 869 quosdam

170 903 304 931 contra
331 895 519 933 dicentes:

513 972 558 1012 ὡς
585 972 617 1007 εἰ
641 972 693 1018 μὴ
722 971 850 1017 ’γένεθ’
879 971 979 1014 οὗτος
1008 972 1043 1009 ἐν

517 1048 560 1093 τῇ
588 1049 686 1083 πόλει
714 1047 860 1093 μέγας,
890 1046 950 1083 οὐκ
979 1046 1025 1082 ἂν
1052 1050 1091 1091 ἥ-

514 1134 602 1166 ‹rt-nu
624 1123 729 1166 σκεύη
758 1122 817 1158 δύο
841 1124 1029 1171 χρησίμω,

512 1196 632 1243 δοῖδυξ
660 1195 737 1233 οὐδὲ
764 1197 901 1246 τορύνη.

171 1283 238 1319 nisi
267 1283 327 1320 hic
355 1296 519 1332 magnus
551 1285 733 1321 evasisset
769 1286 805 1321 in
842 1285 1012 1329 civitate,
1049 1285 1128 1321 duo
1166 1286 1270 1322 utilia
1309 1286 1447 1322 instru-

171 1365 301 1396 menta
331 1371 406 1396 non
434 1360 660 1406 existerent,
691 1372 815 1409 neque
842 1360 1023 1409 pistillum
1054 1373 1177 1409 neque
1204 1361 1373 1398 tudicula

170 1433 241 1481 (Cf.
272 1446 317 1470 ea
343 1447 444 1482 quae
469 1435 549 1471 dixi
576 1436 625 1471 de
650 1435 770 1472 verbo
797 1436 941 1486 κυκᾶν.)

222 1510 364 1546 Poetae
387 1509 480 1547 haec
507 1511 745 1558 comparatio
768 1510 959 1559 pulchrior
973 1512 1053 1548 visa
1068 1517 1126 1548 est
1141 1512 1232 1559 quin
1248 1513 1444 1549 eaiterum

170 1590 350 1621 uteretur.
389 1585 431 1620 In
468 1585 595 1621 fabula
630 1585 735 1621 Pacis
773 1586 896 1631 enim,
924 1597 1012 1621 cum
1042 1584 1222 1621 Polemos
1249 1586 1284 1622 in
1314 1598 1360 1622 eo
1387 1592 1446 1623 est

170 1664 212 1694 ut
251 1659 364 1695 urbes
398 1658 580 1695 Graeciae
614 1659 650 1694 in
687 1659 843 1695 immani
881 1660 1061 1696 mortario
1097 1660 1327 1704 contundat,
1371 1662 1447 1708 pis-

169 1734 289 1771 tillum
331 1735 464 1783 poscit.
507 1734 623 1783 Quod
663 1746 751 1771 cum
795 1746 869 1771 non
911 1734 959 1771 sit
999 1735 1048 1771 ad
1085 1747 1259 1778 manum,
1304 1736 1445 1772 famulo

168 1811 330 1858 imperat
370 1816 412 1846 ut
448 1811 497 1846 ad
534 1810 791 1846 Athenienses
835 1817 961 1847 currat
998 1811 1113 1858 idque
1150 1812 1444 1848 instrumentum

169 1886 256 1923 inde
284 1885 427 1923 afferat.
457 1884 533 1923 Sed
561 1885 697 1923 infecta
725 1898 765 1922 re
793 1898 886 1922 mox
914 1886 974 1923 ille
1001 1887 1117 1933 redit,
1144 1886 1217 1937 (vs,
1250 1887 1345 1935 268)

868 1961 909 1996 τὸ
933 1961 1029 1997 δεῖνα
1058 1961 1155 2011 γὰρ,

447 2033 605 2072 ἀπόλωλ’
633 2033 875 2080 Ἀθηναίοισιν
903 2035 1154 2086 ἁλετρίβανος.

168 2126 345 2162 Feliciter
379 2125 581 2162 Laconum
609 2125 791 2173 pistillum
820 2137 993 2172 quoque,
1023 2124 1219 2168 Brasidas,
1252 2137 1326 2160 una
1354 2137 1443 2161 cum

167 2201 288 2238 altero
315 2201 436 2249 periit.

220 2278 300 2313 Iam
330 2289 445 2325 supra
468 2276 636 2313 diximus
659 2281 815 2324 poetam
839 2276 875 2311 in
900 2275 964 2312 lite
987 2286 1139 2320 canum,
1163 2287 1264 2323 quae
1278 2277 1443 2313 occurrit

166 2355 203 2391 in
228 2352 355 2390 fabula
383 2352 612 2400 Vesparum,
636 2351 756 2388 altero
778 2363 872 2388 cane
896 2350 1042 2387 Labete
1065 2350 1202 2387 ducem
1227 2350 1440 2388 Lachetem

166 2428 397 2476 significare,
448 2428 514 2475 qui
564 2428 600 2462 in
651 2426 775 2463 Sicilia
823 2425 974 2462 sacculo
1023 2437 1094 2461 suo
1144 2425 1278 2461 melius
1319 2438 1438 2473 quam
