1619 2759
797 155 819 182 2
860 137 864 140 ,

162 271 298 318 spiritu
349 270 504 308 afflante
552 276 692 319 sponte
733 276 850 318 poeta
889 270 1095 318 impellitur
1134 276 1177 307 ut
1218 269 1307 306 edat
1347 281 1448 317 quae

163 345 279 382 sentit
306 357 352 382 ac
377 345 501 394 videt;
536 345 642 382 videt
668 351 799 382 autem
828 357 905 382 non
942 357 989 382 ea
1016 344 1141 381 solum
1170 357 1270 393 quae
1297 344 1332 381 ei
1357 349 1448 380 ante

163 420 296 456 oculos
333 426 441 465 sunt,
480 420 547 457 sed
576 420 672 457 aliae
698 420 811 457 simul
837 420 1022 468 imagines
1049 419 1194 456 multae
1220 423 1383 467 surgunt
1409 419 1447 454 in

164 495 245 531 eius
281 495 422 532 animo.
461 495 568 532 Dum
604 495 720 543 igitur
756 495 962 544 imaginem
994 495 1150 532 alicuius
1178 494 1230 530 rei
1257 493 1447 538 describit,

165 570 310 606 sociam
338 570 373 606 ei
401 570 508 607 addit
534 570 714 616 alteram,
743 582 844 619 quae
870 571 908 606 in
935 571 1052 619 ipsius
1081 575 1210 607 mente
1233 574 1292 606 est
1305 568 1447 617 genita.

166 644 276 682 Haec
312 651 372 682 est
408 646 517 694 origo
551 646 868 694 comparationis,
905 658 1005 694 quae
1032 650 1204 683 vocatur.
1234 644 1452 682 Artissimis

166 725 297 757 autem
325 720 484 757 vinculis
511 733 601 757 cum
637 721 925 769 comparatione
952 726 1011 758 est
1037 725 1203 768 cognata
1229 718 1448 764 translati03

167 808 307 845 nempe
342 796 373 833 si
411 797 509 834 inter
543 796 639 833 duas
675 809 735 833 res
770 796 977 834 similitudo
1012 796 1204 845 quaedam
1231 795 1448 842 intercedit,

165 871 320 907 libertas
356 872 508 918 poetica
547 883 610 916 ea,
650 883 751 918 quae
785 872 834 907 ad
872 871 1031 907 alteram
1061 871 1212 919 proprie
1239 871 1449 918 pertinent,

165 945 215 981 ad
265 944 424 982 alteram
469 945 656 983 transfert.
701 945 927 982 Innumerae
967 957 1059 982 vero
1099 945 1330 990 locutiones,
1374 956 1451 991 non

165 1018 290 1055 solum
332 1020 370 1055 in
412 1019 545 1056 florida
581 1032 626 1056 ac
662 1019 815 1056 sublimi
851 1020 1016 1056 dictione
1064 1025 1199 1056 vatum
1239 1019 1307 1055 sed
1334 1020 1450 1056 etiam

167 1096 204 1131 in
229 1107 407 1132 sermone
431 1108 510 1144 quo
538 1108 674 1132 omnes
701 1096 844 1133 utimur
870 1095 1114 1144 quotidiano,
1144 1101 1262 1143 atque
1288 1094 1386 1132 adeo
1414 1095 1451 1131 in

166 1171 304 1218 linguis
349 1171 524 1218 gentium
569 1170 922 1216 incultissimarum,
959 1176 1183 1216 occurrunt,
1226 1182 1326 1219 quae
1365 1170 1453 1206 hinc

167 1246 399 1294 repetendae
425 1251 526 1283 sunt.

220 1318 316 1356 Mihi
345 1320 383 1355 in
411 1320 541 1356 animo
569 1325 628 1356 est
654 1321 961 1368 comparationes
988 1332 1033 1357 ac
1061 1320 1324 1369 metaphoras,
1354 1332 1454 1369 quae

169 1395 415 1432 inveniuntur
442 1395 479 1431 in
508 1394 644 1432 fabulis
672 1395 963 1443 Aristophanis,
998 1396 1191 1432 clarissimi
1219 1396 1453 1433 Graecorum

169 1474 373 1517 poetarum
401 1469 657 1515 comicorum,
687 1470 818 1506 ordine
844 1470 1037 1518 digerere,
1065 1476 1248 1516 tractare,
1277 1471 1342 1507 ubi
1356 1482 1454 1519 opus

134 1585 136 1587 ,
168 1545 300 1590 fuerit,
338 1544 530 1592 explicare
566 1557 612 1581 ac
649 1557 874 1593 comparare
910 1557 999 1582 cum
1037 1545 1259 1593 fragmentis
1294 1546 1455 1582 aliorum

169 1625 373 1667 poetarum
406 1620 653 1656 comicorum.
688 1612 788 1657 Cum
815 1632 907 1656 vero
935 1625 1059 1657 certas
1086 1620 1139 1657 ob
1165 1632 1301 1657 causas
1328 1632 1455 1657 meam

169 1695 537 1731 commentationem
587 1695 686 1731 intra
735 1695 907 1730 modicos
948 1694 1044 1730 fines
1084 1695 1333 1731 coartandam
1373 1706 1456 1730 esse

169 1768 452 1816 intellegerem,
482 1780 558 1804 non
583 1773 741 1805 cunctas
765 1767 1011 1816 metaphoras
1035 1767 1343 1816 Aristophaneas
1366 1779 1456 1804 con-

170 1855 303 1892 gerere
325 1843 498 1890 decrevi,
526 1843 594 1879 sed
620 1855 685 1879 eas
709 1843 881 1891 tetigisse
907 1843 999 1880 satis
1021 1842 1158 1888 habui,
1183 1842 1456 1890 quas-desum-

170 1918 248 1966 psit
286 1923 417 1954 noster
453 1929 505 1953 ex
543 1923 680 1954 natura
714 1917 915 1954 hominum
949 1923 988 1955 et
1014 1917 1234 1954 animalium
1262 1923 1380 1965 atque
1406 1929 1457 1953 ex

171 1992 251 2028 vita
292 1991 528 2039 quotidiana.
571 1991 724 2040 Nempe
765 1992 803 2027 in
843 1991 902 2027 his
944 1992 1115 2028 maxime
1155 1990 1279 2027 elucet
1319 1996 1458 2039 poetae

171 2066 390 2115 ingenium:
433 2078 484 2103 ex
525 2065 583 2103 his
611 2067 691 2103 eius
727 2066 872 2104 indoles
899 2067 1046 2116 optime
1072 2066 1326 2115 cognoscitur*
1365 2066 1457 2104 Ete-

173 2142 253 2177 nim
304 2142 342 2177 in
393 2141 600 2177 comoediis
650 2142 727 2178 suis
777 2142 1003 2190 plerumque
1043 2153 1226 2189 personas
1281 2142 1458 2190 vulgares

172 2217 377 2265 loquentes
422 2215 587 2261 inducit,
631 2217 696 2265 qui
736 2229 806 2253 suo
849 2217 1026 2254 nimirum
1068 2228 1245 2253 sermone
1299 2222 1460 2254 utuntur

173 2290 411 2339 simplicibus
452 2290 519 2326 sed
569 2302 685 2339 saepe
719 2291 856 2328 iocosis
884 2290 1120 2340 metaphoris
1162 2290 1324 2329 florenti.
1379 2291 1459 2329 Eas

175 2372 306 2403 noster
329 2372 411 2403 arte
434 2366 548 2414 plane
571 2367 781 2403 admirabili
807 2368 843 2404 in
867 2367 1002 2404 fabulis
1025 2368 1102 2404 suis
1117 2367 1291 2405 reddidit.
1308 2367 1459 2416 Nempe

176 2453 254 2477 non
283 2441 381 2478 intra
411 2441 575 2488 parietes
605 2441 673 2477 sed
701 2441 773 2477 sub
797 2442 888 2478 Iove
911 2442 1055 2490 lepidas
1078 2454 1122 2478 ac
1144 2442 1290 2478 vividas
1314 2441 1460 2479 fabulas
