1619 2759
783 109 832 149 59

831 229 893 264 καὶ
921 228 1048 264 τᾶλλα
1076 241 1124 273 γε
1153 227 1262 264 πάντ’
1292 227 1452 273 ἐκυκήθη.

174 302 230 337 ἱνα
257 300 334 351 γαρ
351 299 570 352 Πείσανδρος
599 303 678 349 ἔχοι
705 303 872 340 κλέπτειν
894 305 958 350 χοὶ
981 306 1062 345 ταῖς
1085 302 1222 353 ἀρχαῖς
1247 303 1452 351 ἐπέχοντες,

174 373 234 411 ἀεί
259 389 341 412 τινα
368 377 582 426 κορκορυγὴν
611 376 753 413 ἐκύκων.
1036 376 1039 378 ’

174 450 354 487 Pisander
380 451 480 487 enim
519 457 559 488 et
591 452 655 500 qui
696 453 944 501 magistratus
976 453 1162 499 ambiunt,
1195 460 1237 491 ut
1267 453 1453 492 haberent

174 525 278 572 quod
306 525 538 571 furarentur,
568 538 722 575 semper
749 527 884 564 turbas
912 529 1103 565 concitare
1128 528 1316 566 solebant.

227 602 313 638 Pac.
341 613 396 638 vs.
427 610 505 648 270
533 601 652 639 Cleon
679 608 860 640 vocatur:

411 678 429 712 ὁ
451 676 698 726 βυρσοπώλης,
727 677 762 718 ὃς
789 676 898 714 ἐκύκα
925 677 990 720 την
1019 676 1204 715 Ἐλλάδα.

176 780 222 804 ac
249 781 304 804 vs.
336 778 411 815 320
438 767 577 805 chorus
603 768 652 805 de
681 768 818 805 eodem
846 769 968 806 laetus
996 770 1116 807 canit:

307 844 351 884 ὡς
378 843 522 880 κυκοὶτω
550 844 613 879 καὶ
638 845 798 880 πατείτω
826 843 949 880 πάντα
977 845 1040 880 καὶ
1067 840 1299 895 ταραττέτω.

175 926 261 973 Ipse
287 931 418 962 autem
446 925 521 973 Eq.
550 938 607 962 VS.
634 926 707 973 363
737 925 928 974 perhibet:

336 1000 409 1046 ἐγὼ
437 1001 468 1037 δ’
494 999 694 1045 ἐπεσπηδῶν
720 1014 768 1046 γε
796 1001 861 1046 την
889 1000 1022 1047 βουλὴν
1049 1001 1116 1048 βίᾳ
1144 1003 1294 1044 κυκήσω.
1335 1010 1337 1012 ’

175 1090 211 1124 in
240 1094 416 1126 senatum
444 1089 677 1137 irrumpens,
708 1101 797 1125 eum
827 1089 995 1126 funditus
1023 1090 1199 1127 turbabo,

228 1254 403 1292 Indicans
443 1255 610 1303 aliquem
651 1266 806 1291 omnem
846 1267 1003 1303 operam
1045 1255 1203 1304 perdere
1237 1255 1453 1292 Philocleon

176 1331 294 1378 Vesp.
315 1342 370 1366 vs.
398 1331 475 1367 280
497 1329 616 1373 ,,λίοον
631 1328 752 1376 ἕψεις”
769 1331 909 1375 ἔλεγεν.
934 1330 1126 1377 „lapidem
1149 1328 1319 1377 coquis,''
1343 1330 1451 1366 dixit.

227 1404 325 1441 Pluti
353 1416 408 1440 vs.
443 1406 514 1450 138
543 1416 674 1440 servus
703 1404 861 1451 Carion,
890 1404 1007 1440 veluti
1035 1404 1306 1452 philosophuS‚
1338 1405 1448 1440 dicit:

177 1479 323 1516 Omnes
363 1479 469 1527 pueri
507 1479 685 1516 meritorii
713 1491 790 1515 non
826 1479 927 1516 viros
964 1485 1097 1516 amant
1134 1480 1202 1516 sed
1229 1480 1451 1528 pecuniam,

178 1557 326 1592 etiamsi
354 1567 475 1603 equos
503 1561 642 1603 rogant
670 1555 731 1591 vel
759 1555 834 1591 tale
861 1555 1022 1602 aliquid„

417 1630 669 1677 αἰσχυνόμενοι
694 1628 771 1679 γοὶρ
799 1627 965 1680 ἀργύριον
989 1629 1102 1666 αἰτεῖν
1130 1631 1207 1670 ἴσως

417 1705 567 1752 ὀνόματι
596 1705 839 1755 περιπέττουσι
867 1706 931 1749 την
958 1703 1171 1753 μοχθηρίαν.

181 1808 291 1841 nam,
328 1808 417 1832 cum
454 1808 520 1832 eos
566 1796 662 1833 forte
702 1795 846 1844 pudeat
893 1795 1095 1843 pecuniam
1135 1800 1288 1842 petere,
1334 1796 1453 1831 verbo

180 1871 362 1917 specioso
393 1857 606 1917 contegunt
642 1869 837 1906 malitiam.
881 1868 996 1919 (sicut
1032 1869 1194 1917 pistores
1235 1869 1453 1917 panificium

148 1957 152 1960 ⁴
179 1945 252 1981 vile
280 1945 398 1981 oculis
425 1950 626 1993 acceptum
654 1944 818 1981 reddunt
844 1949 973 1981 crusto
1000 1941 1204 1993 specioso)

181 2020 237 2059 Cf.
266 2021 384 2068 Vesp.
402 2032 468 2065 vvs.
497 2019 588 2067 668,
617 2019 681 2056 ubi
710 2018 942 2067 Bdelycleon
980 2019 1033 2055 ita
1070 2018 1257 2065 loquitur:
1288 2018 1453 2064 „Omnis

180 2095 342 2143 pecunia
369 2095 406 2130 in
434 2106 635 2140 crumenas
663 2099 793 2130 manat
821 2104 1009 2129 vanorum
1037 2090 1254 2136 rhetorum,

874 2167 916 2203 σε)
944 2165 1040 2216 γαρ,
1065 2165 1092 2202 ὦ
1115 2166 1242 2215 ποέτερ,
1272 2165 1403 2208 αὐτους

234 2247 362 2295 ἄρχειν
389 2246 487 2295 αἱρεῖ
507 2245 663 2287 σαυτοῦ,
694 2245 829 2285 τούτοις
856 2246 927 2284 τοῖς
951 2244 1139 2293 ῥηματίοις
1167 2241 1402 2293 περιπεφθείς.

180 2336 222 2368 tu
247 2330 359 2375 enim,
383 2334 504 2377 pater,
529 2328 612 2366 illos
635 2328 703 2366 tibi
726 2328 902 2366 adsciscis
916 2327 1093 2364 dominos
1109 2327 1291 2375 speciosis
1305 2327 1454 2364 illorum

180 2405 291 2442 dictis
316 2404 512 2453 deceptus.
