1619 2759
779 135 831 172 66

169 259 332 296 militum
361 259 528 308 ipsiusve
555 260 719 297 civitatis
747 260 954 298 commodo
983 260 1217 298 consuluisse
1245 259 1447 298 ferebatur.

169 335 237 371 Ad
260 334 330 371 has
353 336 505 383 rapinas
532 335 666 372 alludit
693 336 821 384 igitur,
846 348 935 373 cum
961 349 1016 373 vs.
1032 346 1121 385 924,
1138 336 1343 383 imaginem
1360 347 1447 372 cum

168 408 282 445 rebus
317 409 415 445 veris
446 409 564 461 libere
590 410 843 457 permiscens,
873 416 1136 448 accusatorem
1163 410 1449 458 praedicantem

168 483 276 520 facit:
305 483 392 530 „Ne
418 483 599 523 dimittite
625 496 734 530 eum,

407 559 502 601 ὅστις
530 560 766 611 περιπλεύσας
794 560 859 606 τὴν
887 558 1004 597 θυείαν
1031 559 1066 597 ἐν
1094 561 1210 606 κύκλῳ

407 633 445 671 ἐκ
473 637 544 672 τῶν
572 637 706 673 πόλεων
733 635 774 672 τὸ
802 639 915 686 σκῖρον
943 634 1158 682 ἐξεδήδοκεν.

166 724 231 770 qui
260 725 485 761 mortarium
509 725 841 773 circumnavigans
856 731 1025 761 crustam
1040 737 1091 760 ex
1107 725 1265 761 urbibus
1280 721 1447 760 exedit.'’

218 858 365 896 Eccles.
413 872 468 897 vs.
500 870 573 908 991
625 860 771 897 iuvenis
805 865 940 897 contra
976 859 1146 897 vetulam
1186 859 1446 902 libidinosam,

164 935 272 971 euius
305 935 435 972 vultus
472 937 576 983 rugis
603 948 648 980 ac
681 936 918 973 cicatricibus
947 940 1125 983 turpatus
1152 940 1233 979 est,
1262 935 1315 971 ita
1344 934 1448 970 voci-

164 1008 326 1046 seratur:

429 1099 516 1137 ἀλλ’
551 1100 735 1148 οὐχῖνυνὶ
762 1102 933 1152 κρησέραν
962 1099 1174 1148 αἰτούμεθα.

168 1197 236 1233 sed
273 1210 373 1234 nunc
409 1197 651 1246 pollinarium
680 1199 847 1235 cribrum
874 1199 985 1235 nobis
1013 1210 1089 1234 non
1117 1209 1215 1246 opus
1243 1202 1301 1233 est
1318 1194 1391 1244 (¹).

163 1271 283 1309 Cribri
311 1272 427 1309 etiam
456 1273 601 1309 mentio
629 1272 672 1309 fit
700 1273 737 1309 in
766 1272 982 1320 fragmento
1009 1281 1089 1318 404
1111 1283 1119 1308 :

458 1349 571 1397 ὥσπερ
604 1349 758 1384 κόσκινον
786 1347 959 1397 αι’ρόπινον
989 1347 1174 1397 τέτρηται.

162 1420 339 1457 Cribrum
368 1421 540 1470 αι’ρόπινον
567 1421 669 1467 dicit,
698 1433 777 1469 quo
802 1421 1034 1457 frumentum
1058 1421 1109 1457 ab
1134 1420 1223 1456 lolio
1246 1424 1444 1467 purgatur.

161 1493 371 1545 (Dindorf.)

213 1570 360 1607 Eccles.
406 1583 461 1608 vs,
509 1573 612 1607 1002'
657 1571 757 1608 idem
802 1571 967 1615 iuvenis,
1019 1582 1136 1618 quem
1176 1581 1273 1606 anus
1315 1580 1446 1605 amore

161 1646 315 1682 incensa
366 1646 403 1682 in
446 1645 664 1683 cubiculum
706 1658 819 1682 suum
864 1646 901 1682 vi
949 1651 988 1682 et
1031 1645 1106 1682 fere
1148 1644 1305 1682 obtorto
1346 1643 1444 1680 collo

160 1721 319 1769 abripit,
362 1721 638 1758 contumeliose
678 1721 889 1758 admodum
932 1721 998 1757 sed
1042 1733 1117 1757 non
1170 1720 1281 1756 valde
1326 1720 1446 1757 facete

162 1794 271 1842 (mihi
312 1800 415 1831 certe
455 1795 516 1831 hic
557 1796 663 1831 iocus
691 1795 816 1842 friget)
836 1794 1065 1831 exclamat:
1105 1806 1225 1830 uncus
1253 1799 1331 1838 est,
1368 1806 1443 1829 non

162 1869 318 1906 mulier:

268 1961 307 1995 τί
331 1959 426 2001 δῆτα
455 1959 639 2009 κρεάγρας
669 1962 741 2000 τοῖς
768 1955 887 2000 κάδοις
916 1957 1075 2006 ὠνοίμεθ’
1106 1958 1172 2001 ἂν,

269 2033 348 2080 ἐξὸν
377 2032 535 2071 καθέντα
563 2034 711 2085 γρᾴδιον
747 2035 918 2071 τοιουτονὶ

270 2109 307 2145 ἐκ
335 2112 406 2146 τῶν
433 2109 605 2159 Φρεάτων
633 2109 714 2150 τοὺς
742 2108 871 2149 κάδους
899 2107 1196 2155 συλλαμβάνειν;

213 2243 359 2279 Paucas
387 2242 634 2291 metaphoras
664 2248 793 2279 noster
819 2242 938 2279 habet
966 2253 1017 2277 ex
1045 2241 1195 2278 balneo.

203 2448 247 2487 (²)
268 2450 420 2487 Compara
441 2453 594 2479 nostrum:
614 2459 664 2479 een
684 2450 799 2488 geziclct
817 2450 865 2478 als
883 2459 934 2478 een
952 2449 1174 2486 schuimspaan.
