1619 2759
801 134 823 169 8

226 259 268 295 In
292 258 544 307 sequentibus
566 258 739 295 versibus
757 258 853 295 haec
866 257 1009 295 ludicra
1021 258 1185 295 imitatio
1199 258 1454 295 continuatur.

172 338 229 362 vs,
260 325 358 373 1067
388 324 600 363 botularius
627 325 771 374 profert
796 324 993 362 oraculum
1021 324 1113 362 hoc:

279 444 437 491 Αἰγείδη
465 443 631 495 φράσσαι
658 445 913 488 κυναλώπεκα,
944 445 996 492 μη
1024 457 1063 482 σε
1083 444 1222 492 ’δολώσῃ

278 518 499 570 λαίθαργον,
524 526 736 567 ταχυπουν,
761 520 883 557 δολίαν
910 520 1039 571 κερδὼ,
1069 520 1253 570 πολύιδριν.

277 592 360 631 οἷσθ’
388 596 411 631 ὅ
432 608 469 631 τι
496 596 592 632 ἔστιν
618 596 747 639 τοῦτο;
772 594 886 632 Dem.
910 594 1157 646 Φιλόστρατος
1186 596 1205 640 ἡ
1226 594 1455 641 κυναλώπηξ.

171 669 259 706 Bot.
277 669 315 706 οὐ
338 670 448 706 τοῦτό
471 668 598 716 Φησιν,
627 668 731 706 ἀλλά
759 671 845 711 ναῦς
876 670 1052 707 ἑκοέστοτε

277 744 382 780 αἰτεῖ
398 745 561 790 ταχείας
587 741 857 793 ἀργυρολόγους
884 744 1012 780 οὑτοσί·

278 818 424 859 ταύτας
452 815 605 862 ἀπαυδᾷ
632 816 685 863 μὴ
713 817 844 854 διδόναι
866 817 921 854 σ’ὁ
949 815 1109 863 Λοξίας.

223 943 343 981 Cleon
372 943 549 979 nimirum
577 943 715 980 iterum
744 943 955 980 traducitur
982 956 1078 980 voce
1102 944 1330 990 κυναλώπηξ,
1354 956 1454 991 quae

170 1017 403 1064 tragicorum
415 1028 521 1052 more
530 1016 694 1053 formata
708 1022 778 1062 est,
785 1017 887 1053 sicut
898 1016 1119 1064 Aeschylus
1134 1018 1253 1054 utitur
1264 1018 1454 1054 vocabulo

171 1090 453 1140 ἱππαλεκτρυών.
494 1090 590 1127 Vilis
626 1095 685 1127 est
723 1089 842 1128 Cleon
871 1096 914 1127 ut
941 1091 1065 1135 canis,
1095 1096 1136 1127 at
1175 1090 1275 1127 idem
1303 1096 1453 1128 astutus

170 1170 213 1201 ut
253 1163 399 1213 vulpes.
442 1163 519 1201 Sed
561 1164 598 1200 id
635 1165 740 1212 quod
777 1165 926 1201 Demus
961 1165 1098 1201 deinde
1136 1171 1267 1213 rogat,
1298 1165 1453 1201 minime

168 1251 258 1277 cum
298 1233 615 1288 praecedentibus
648 1239 774 1288 verbis
801 1240 997 1288 congruit:
1036 1243 1107 1282 πῶς
1141 1240 1183 1286 δὴ
1212 1241 1349 1290 τριήρης
1378 1239 1455 1278 ἐστὶ

168 1313 386 1359 κυναλώπηξ
394 1326 404 1357 ;
433 1313 515 1349 Nisi
552 1313 654 1349 aliud
691 1314 783 1361 quid
820 1313 933 1359 latet,
962 1326 1082 1350 senex
1110 1320 1328 1362 postremos
1355 1315 1452 1350 duos

125 1401 128 1405 ·
168 1399 301 1423 versus
341 1398 419 1422 non
459 1386 650 1423 audivisse
690 1387 858 1432 videtur,
902 1387 969 1423 s'ed
1005 1387 1128 1424 solum
1170 1387 1303 1424 verba:
1349 1385 1452 1424 ἀλλά

168 1461 255 1501 ναῦς
281 1459 471 1496 ἑκάστοτε.

207 1534 425 1572 Botularius
438 1539 582 1577 autem,
593 1535 659 1583 qui
673 1534 818 1571 homini
832 1535 1051 1583 grandaevo
1067 1535 1270 1583 blanditur,
1285 1547 1450 1571 errorem

166 1609 247 1644 eius
282 1609 471 1657 corrigere
510 1621 587 1645 non
619 1609 720 1653 vult,
751 1621 838 1645 cum
867 1608 1090 1656 praesertim
1119 1608 1316 1656 intellegat
1343 1621 1449 1656 spec-

166 1689 310 1721 tatores
338 1689 441 1721 certe
468 1684 634 1721 vaticinii
664 1684 895 1720 sententiam
924 1689 962 1721 et
990 1696 1060 1720 sua
1087 1683 1189 1720 dicta
1216 1683 1338 1732 probe
1365 1695 1448 1732 per-

165 1759 348 1807 spexisse.
364 1758 590 1807 Respondet
604 1758 740 1806 igitur:
757 1760 858 1802 ὅπως
874 1759 1011 1795 deinde
1025 1758 1223 1806 paululum
1239 1758 1449 1795 subsistens

134 1849 140 1855 -
166 1832 219 1868 sic
254 1832 398 1880 pergit,
436 1831 587 1879 longius
622 1831 851 1880 longiusque
877 1845 899 1868 a
926 1844 1016 1868 vera
1053 1833 1241 1869 sententia
1269 1833 1449 1869 aberrans

166 1911 204 1942 et
227 1905 515 1942 insulsissimam
540 1906 854 1954 explicationem,
885 1919 985 1955 quae
1006 1918 1075 1943 nec
1094 1912 1211 1955 caput
1227 1918 1296 1943 nec
1310 1907 1447 1955 pedem

168 1980 307 2026 habet,
336 1981 514 2018 consulto
544 1981 631 2018 inde
657 1981 864 2029 effingens:

387 2093 441 2129 ὅτι
468 2092 489 2135 ἡ
518 2093 656 2143 τριήρης
686 2092 721 2128 τ’
752 2091 830 2129 ἐστὶ
849 2092 909 2140 χώ
935 2095 1025 2130 κύων
1043 2093 1169 2141 ταχύ.

246 2166 361 2202 Dem.
390 2170 462 2208 πῶς
489 2165 549 2203 οὖν
577 2165 731 2213 ἀλώπηξ
759 2167 946 2217 προσετέθη
975 2168 1057 2218 πρὸς
1085 2171 1136 2214 τῷ
1162 2172 1240 2205 κυνί
1247 2183 1258 2213 3

246 2241 334 2278 Bot.
389 2240 612 2279 ἀλωπεκίοισι
640 2242 722 2283 τούς
751 2243 981 2293 στρατιώτας
1009 2244 1153 2290 ᾔκασεν,

386 2317 463 2362 ὁτιὴ
492 2316 625 2367 βότρυς
655 2317 852 2367 τρώγουσιν
880 2319 916 2354 ὲν
944 2321 1017 2359 τοῖς
1043 2320 1197 2368 χωρίοις.

217 2428 375 2465 Talibus
398 2429 539 2466 scilicet
558 2430 669 2477 nugis
693 2430 873 2466 duetatur
886 2430 1112 2466 silicernium
1130 2436 1258 2468 mente
1273 2437 1442 2479 captum.
