1619 2759
781 130 832 177 48

223 253 342 291 Domi
376 254 533 303 quidem
561 267 683 293 senex
709 256 884 293 omnium
912 261 972 294 est
998 255 1339 306 prudentissimus,
1366 267 1456 294 cum

171 327 304 358 autem
341 322 450 359 sedet
484 323 522 358 in
559 321 636 359 hoc
671 335 789 372 saxo,
827 329 960 372 stupet
994 329 1196 372 tamquam
1222 322 1361 370 homo,
1389 323 1456 372 qui

169 397 311 436 caricas
335 397 502 436 funiculo
522 399 683 448 perserit
705 411 751 437 ac
765 399 819 437 ita
833 399 1052 449 coniungit;
1078 411 1178 448 quae
1192 398 1261 437 fuit
1276 399 1454 437 nimirum

169 474 374 522 occupatio
407 473 520 510 valde
554 474 740 511 taediosa.
770 475 830 511 Ita
857 474 976 523 vulgo
1002 475 1234 512 vocabulum
1257 472 1457 523 ἐμποδίζων

169 548 396 597 explicatur.
422 548 539 586 Kock
561 553 693 586 tamen
717 548 871 587 dubitat
895 561 989 586 num
1011 548 1086 587 hoc
1108 549 1321 598 significare
1334 549 1456 598 possit

169 623 333 671 ideoque
373 616 580 672 legendum
620 624 802 672 proponit
831 622 1083 674 ἐμβροχίζων,
1125 624 1230 673 quod
1259 623 1350 660 mihi
1378 635 1455 660 non

169 698 281 736 valde
308 697 446 748 placet.
485 698 585 736 Fieri
613 704 743 748 potest
771 704 814 737 ut
842 698 946 736 aliud
973 699 1205 737 vocabulum
1229 700 1453 748 requiratur,

168 786 408 823 quamquam
437 786 514 811 non
534 780 593 812 est
611 787 679 811 cur
700 774 902 823 vulgatam
916 775 1213 823 explicationem
1228 776 1452 812 reiiciamus.

169 848 227 886 Cf.
257 849 383 886 Varro
410 849 460 886 R.
488 848 537 886 R.
571 833 603 886 1:
631 859 695 896 41.

223 970 266 1006 In
303 969 398 1006 scita
430 969 615 1014 oratione,
649 967 737 1019 (nos
769 968 950 1006 dicimus:
991 967 1304 1018 boegpredikatie)
1335 981 1452 1017 quarn

169 1043 207 1079 in
234 1040 363 1080 fabula
385 1043 492 1079 Pacis
519 1041 640 1079 habet
665 1042 896 1088 Mercurius,
925 1048 1135 1091 postquam
1162 1043 1234 1080 dea
1261 1044 1299 1080 in
1328 1043 1453 1080 lucem

169 1122 364 1165 protracta
399 1122 478 1162 est,
517 1116 776 1154 Athenienses
803 1117 997 1165 vituperat
1033 1117 1140 1165 quod
1167 1129 1303 1166 pacem
1331 1129 1454 1165 expu-

168 1191 294 1229 lerunt
321 1197 361 1229 et
387 1196 512 1229 semet
539 1191 643 1239 ipsos
671 1190 813 1228 rabulis
842 1197 881 1228 et
908 1190 1272 1240 quadruplatoribus
1299 1191 1452 1228 dedide-

168 1272 268 1303 runt.
308 1265 385 1314 Qui
420 1278 510 1302 cum
545 1265 637 1302 lucri
674 1270 807 1302 causa*
829 1266 986 1302 divitem
1013 1266 1179 1313 aliquem
1208 1265 1404 1302 hominem
1431 1279 1453 1302 e

168 1339 324 1376 civitate
351 1338 546 1377 foederata
573 1338 837 1376 insimularent
863 1336 937 1389 (vs.
965 1336 1060 1389 640)

817 1422 862 1462 ὡς
888 1419 1020 1470 Φρονεῖ
1037 1420 1089 1457 τοὶ
1116 1419 1304 1470 Βρασίδου.

304 1494 370 1533 εἶτ’
394 1495 440 1533 σ’ὶν
469 1496 572 1543 ὑμεῖς
598 1492 725 1532 τοῦτον
752 1496 866 1545 ὥσπερ
893 1492 1012 1531 κυνίδι’
1044 1493 1308 1545 ἐσπαράττετε·

302 1573 322 1617 ἡ
348 1574 447 1613 πόλις
473 1570 551 1621 γὰρ
578 1570 747 1620 ὠχριῶσα
774 1570 844 1606 κάν
871 1568 979 1617 φόβῳ
1006 1568 1188 1617 καθημένη

302 1645 406 1684 ἄττα
432 1644 605 1693 διαβάλοι
631 1658 686 1687 τις
714 1644 829 1691 αὐτῇ,
858 1644 971 1681 ταῦτ’
999 1643 1045 1681 ἂν
1072 1642 1185 1690 ἥδιστ’
1213 1642 1338 1689 ἤσθιεν.

168 1753 273 1793 Urbs
301 1753 402 1790 enim
425 1751 567 1801 pallida
591 1750 789 1795 desidens,
819 1760 1073 1797 quaecunque
1108 1747 1194 1796 quis
1217 1747 1451 1785 calumniose

169 1829 203 1865 ei
231 1828 433 1870 obiiceret,
462 1824 711 1862 libentissime
738 1822 979 1860 comedebat.

168 1904 302 1941 Iocose
342 1906 460 1950 poeta
500 1898 620 1956 verbo
660 1903 873 1947 expectato
914 1893 1089 1947 προβάλοι
1116 1893 1179 1946 (cf.
1209 1894 1312 1932 Nub.
1342 1893 1452 1946 489.)

114 2020 118 2024 .
169 1976 368 2014 substituit
395 1973 579 2022 διαβάλοι.

223 2102 379 2142 Comice
406 2101 528 2149 Vesp.
557 2111 615 2136 vs.
643 2098 720 2145 462
746 2109 890 2143 servus,
913 2095 1065 2134 acribus
1086 2095 1255 2133 heliastis
1279 2094 1449 2143 repulsis,

168 2176 416 2227 Bdelycleoni
444 2175 556 2213 dicit:
586 2173 702 2222 „Non
730 2178 812 2210 tam
839 2171 946 2209 facile
975 2182 1042 2208 eos
1070 2169 1300 2219 fugavisses,

278 2255 371 2303 εἴπερ
399 2253 534 2299 ἔτυχον
560 2252 632 2288 τῶν
659 2246 780 2296 μελῶν
802 2250 873 2285 τῶν
895 2246 1110 2288 Φιλοκλέους
1133 2243 1397 2295 βεβρωκότες.”

169 2350 277 2387 Noto
335 2347 496 2386 artificio
511 2377 520 2393 ‚
581 2358 660 2395 quo
717 2357 854 2382 omnes
903 2344 1028 2381 omnis
1077 2342 1161 2380 aevi
1207 2341 1342 2378 comici
1395 2342 1451 2377 usi

170 2429 281 2470 sunt,
334 2421 619 2471 Aristophanes
663 2420 782 2457 verba
831 2419 1003 2467 vulgaria
1049 2429 1072 2454 e
1110 2417 1190 2454 vita
1230 2416 1452 2464 quotidiana
