1619 2759
798 102 848 147 89

178 236 247 273 spe
275 237 350 261 non
377 224 611 271 destituitur,
642 236 867 274 responsum
888 226 988 263 enim
1017 224 1193 263 botularii
1219 229 1298 261 est:

231 301 295 337 καὶ
320 300 428 337 ταῦτ’
455 298 516 346 ἐφ’
544 299 627 337 οἶσιν
657 299 732 337 ἐστι
758 298 1035 348 συμφυσώμενα

233 366 360 414 ἐγῷδ’·
391 366 447 405 ἐπὶ
473 366 549 418 γαρ
577 371 649 410 τοῖς
676 368 873 415 δεδεμένοις
901 370 1140 415 χαλκεύεται.

178 449 295 491 atque
345 442 441 480 haec
486 443 574 479 novi
613 443 867 491 quamobrem
904 442 1139 490 conflentur,
1183 442 1231 479 ad
1279 442 1453 489 captivos

180 517 524 566 (Lacedaemonios
545 516 792 566 Sphacteriae
814 515 966 567 captos)
981 517 1082 554 enim
1097 516 1319 553 vendendos
1333 517 1448 553 cudit.

231 589 270 626 εὖ
295 591 337 636 γ’
366 589 407 627 εὖ
433 604 501 636 γε,
531 591 688 638 χοέλκευ’
718 589 802 628 ἀντὶ
828 593 898 628 τῶν
924 591 1170 637 κολλωμένων.

177 665 300 702 laetus
326 664 465 702 chorus
492 666 697 714 approbat.

230 738 328 776 Cum
364 738 551 787 Equitum
580 739 707 775 fabula
734 739 846 775 huius
875 740 1023 787 generis
1054 737 1300 787 metaphoras
1327 738 1452 786 plures

177 824 253 849 non
281 813 493 859 contineat,
524 813 616 850 alias
643 814 719 850 iam
753 814 954 852 adibimus.

229 887 332 924 Nub.
362 900 417 924 vs.
447 896 525 935 740
550 887 728 926 Socrates
757 900 901 925 novum
929 888 1157 937 discipulum
1184 888 1387 925 admonet:

230 962 271 998 ἴθι
298 975 377 1005 νυν,
405 963 591 999 καλύπτου
619 964 682 999 καί
707 962 859 1009 σχοὶσας
886 962 951 1005 τὴν
978 961 1153 1012 Φροντίδα

229 1028 363 1074 λεπτὴν
385 1027 486 1065 κατ-οὶ
514 1028 637 1079 μικρὸν
664 1027 859 1080 περιφρόνει
886 1028 937 1066 τοὶ
965 1028 1200 1079 πράγματα,

230 1094 331 1145 ὀρθῶς
355 1096 492 1147 διαιρῶν
517 1098 580 1133 καὶ
605 1089 756 1134 σποπῶν.

176 1169 394 1206 minutatim
417 1170 689 1217 cogitationem
718 1170 889 1207 dividens
917 1182 976 1207 res
1005 1170 1212 1207 considera.

228 1243 345 1291 Vesp.
374 1256 418 1280 vs
459 1244 537 1291 694
558 1244 636 1280 duo
659 1245 814 1281 iuvenes
840 1244 1022 1290 rhetores,
1048 1245 1112 1292 qui
1137 1245 1310 1281 mercede
1334 1258 1357 1280 a
1384 1256 1450 1280 reo

176 1323 344 1367 accepta,
373 1318 513 1355 iudices
547 1318 680 1355 fallunt
717 1330 762 1355 ac
798 1319 923 1367 specie
960 1318 1077 1355 modo
1113 1319 1263 1368 litigant
1292 1331 1368 1355 non
1398 1331 1448 1364 re,

175 1398 445 1440 comparantur
469 1405 557 1429 cum
586 1393 738 1430 duobus
766 1393 995 1438 hominibus,
1025 1395 1090 1441 qui
1118 1406 1261 1430 serram
1277 1394 1447 1430 ducunt:

333 1467 378 1509 ὡς
394 1459 529 1518 ’πρίονθ’
558 1468 576 1505 ὁ
603 1466 672 1515 μὲν
700 1467 813 1511 ἕλκει,
841 1469 860 1505 ὁ
887 1467 917 1504 δ’
945 1467 1174 1506 ἀντενέδωκε.

228 1542 373 1579 Eccles.
401 1555 456 1579 vs.
475 1531 552 1590 310
579 1543 778 1580 mulierum
806 1543 944 1580 chorus
967 1545 1158 1591 queritur:
1192 1544 1319 1580 Antea
1335 1556 1447 1579 nemo

176 1617 376 1665 pecuniam
403 1617 571 1665 accepit,

568 1685 642 1719 νυνὶ
667 1683 704 1719 δὲ
732 1683 923 1733 τριώβολον

569 1749 713 1798 ζητοῦσι
740 1749 870 1799 λαβεῖν
896 1751 985 1787 ὅταν

570 1817 756 1868 πράττωσί
781 1832 817 1854 τι
842 1818 951 1855 κοινὸν
977 1821 1043 1854 ὥσ-

570 1898 632 1935 περ
660 1883 951 1935 πηλοφοροῦντες.

174 1962 223 1997 ad
263 1960 358 1997 haec
397 1959 600 1997 scholiasta
636 1965 817 1997 annotat:
847 1961 891 2000 ὡς
919 1960 1152 2008 χειροτέχναι
1179 1962 1240 1995 καὶ
1268 1958 1447 2004 μισθωτοί.

175 2033 255 2084 (als
271 2033 598 2083 polderjongens.)

227 2110 294 2146 Av
333 2121 390 2146 vs.
425 2116 535 2155 1145.
566 2110 608 2145 In
637 2109 871 2146 aedificanda
899 2109 992 2145 urbe
1019 2109 1168 2153 avium,

333 2177 365 2214 οἱ
390 2178 500 2224 χῆνες
527 2177 808 2222 ὑποτύπτοντες,
837 2178 950 2227 ὥσπερ
978 2179 1059 2217 ταῖς
1086 2176 1202 2222 ἄμαις

332 2243 366 2285 ἐς
393 2243 463 2285 τοὶς
490 2243 648 2285 λεκάνας
677 2243 875 2291 ἐνέβαλλον
903 2243 1012 2279 αὐτὸν
1039 2246 1112 2279 τοῖν
1140 2243 1266 2279 ποδοῖν.

174 2323 324 2356 anseres
351 2318 514 2367 pedibus
541 2319 619 2356 suis
644 2319 761 2356 veluti
779 2319 968 2367 ligonibus
982 2318 1105 2356 lutum
1121 2331 1143 2355 e
1157 2324 1257 2356 terra
1272 2326 1448 2357 eruentes

177 2393 213 2429 in
241 2393 371 2441 pelves
398 2393 623 2430 iniiciebant.
