1619 2759
779 147 833 184 31.

222 261 261 299 Si
299 268 430 299 autem
465 262 647 300 Carcinus
683 263 848 307 venerit,
889 246 1002 299 orans
1042 269 1085 299 ut
1125 275 1256 300 secum
1292 276 1337 300 ac
1363 265 1443 300 eius

166 335 250 373 filiis
287 335 445 374 choreas
477 336 674 382 instituas,
712 348 760 373 ne
793 336 1037 385 obtemperes
1074 349 1144 375 nec
1180 338 1310 374 venias
1338 338 1443 375 adiu-

166 412 242 449 trix
281 412 368 456 illis,
413 413 480 448 sed
516 418 611 460 puta
647 423 782 448 omnes
817 424 901 448 esse
938 413 1150 449 coturnices
1190 414 1441 457 domesticas,

166 486 366 524 saltatores
394 486 689 531 brevicervicos,
717 491 864 523 statura
891 499 1057 532 nannos,
1081 488 1323 535 caprinorum
1349 494 1442 525 ster-

166 573 298 598 corum
325 567 518 606 ramenta,
547 560 808 598 machinarum
835 561 1063 598 inventores.

219 704 386 750 „Omnia
413 705 490 741 iam
516 703 715 749 facerem'',
753 703 968 741 Philocleon
996 704 1113 752 Vesp.
1141 717 1197 741 vs.
1230 715 1306 752 349
1331 705 1422 742 dicit
1435 734 1443 747 ,

168 780 224 826 „si
253 791 305 815 ex
331 778 406 815 hoc
433 791 586 815 carcere
613 778 780 826 effugere
806 791 980 826 possem,

246 901 336 938 οὕτω
364 902 475 937 κιττῶ
502 898 561 936 διοὶ
588 901 659 936 τῶν
686 899 837 935 σανίδων
862 903 964 945 μετοὶ
993 901 1146 949 χοιρίνης
1174 898 1372 949 περιελθεῖν.

220 1008 287 1044 Ad
314 1006 585 1055 explicandum
611 1005 773 1042 verbum
797 1008 908 1042 κιττῶ
932 1004 1136 1042 scholiasta
1150 1005 1246 1042 haec
1259 1011 1441 1043 annotat:

167 1085 302 1134 εἴρηται
343 1082 373 1118 δ’
404 1081 441 1118 ἐκ
478 1082 541 1118 τοῦ
581 1080 695 1131 ὀρνέου
733 1082 877 1125 κίττης,
919 1082 1021 1131 ὅπερ,
1059 1079 1314 1128 ἐπιθυμητικῶς
1357 1082 1444 1128 ἕχον

167 1161 238 1194 τῶν
266 1155 461 1207 ἀκροδρύων
488 1156 636 1203 ταχέως
666 1156 956 1205 δυσαρεστεῖται,
986 1156 1027 1201 ἐξ
1055 1156 1101 1192 ὧν
1129 1156 1159 1191 δ’
1186 1155 1232 1192 ἂν
1247 1154 1445 1198 ἐσθίοι,καὶ

167 1232 275 1268 ποίλιν
302 1231 429 1281 ἑτέρων
458 1229 628 1277 ἐπιθυμεῖ.

219 1383 262 1419 In
291 1383 373 1419 rixa
397 1380 677 1430 Dicaeopolidis
691 1391 736 1416 ae
752 1380 937 1417 Lamachi
951 1380 1012 1417 hic
1027 1386 1139 1429 rogat
1155 1378 1256 1417 Ach.
1273 1392 1325 1417 vs.
1348 1381 1441 1428 598:

966 1489 1019 1528 τίς
1048 1486 1124 1536 γὰρ
1152 1487 1206 1530 εἶ;

166 1571 226 1606 cui
254 1570 350 1606 alter
376 1569 582 1617 respondet
602 1581 610 1605 ε

324 1667 421 1707 ὅστις
430 1679 441 1710 3
470 1668 615 1710 πολίτης
642 1664 820 1715 χρηστὸς,
844 1664 882 1701 οὐ
909 1665 1192 1715 σπουδαρχίδης,

326 1742 369 1779 σι)
397 1742 427 1778 δ’
460 1740 500 1788 ἐξ
529 1743 610 1778 ὅτου
637 1754 700 1790 περ
727 1741 746 1777 ὁ
771 1741 927 1787 πόλεμος
955 1739 1205 1791 μισθαρχίδης.

165 1855 363 1894 Lamacho
391 1867 433 1892 se
459 1853 707 1891 defendente:
729 1853 1001 1903 ἐχειροτόνησαν
1024 1852 1101 1904 γάρ
1124 1867 1185 1900 με,
1201 1854 1443 1902 Dicaeopolis

160 1930 419 1979 ‘contemptim
463 1929 688 1978 respondet:
734 1928 909 1974 κόκκυγές
949 1941 997 1973 γε
1039 1932 1143 1978 τρεῖς.
1179 1929 1276 1965 Tres
1303 1929 1443 1966 scilicet

166 2005 306 2055 garruli
335 2017 380 2041 ac
406 2003 509 2041 leves
536 2003 716 2040 rhetores.
746 2002 802 2041 Cf.
834 2002 871 2040 fr.
905 2002 957 2048 64
983 2002 1150 2039 Platonis
1177 2003 1334 2040 comici:

637 2100 708 2148 οὐχ
735 2101 820 2150 ὁρᾷς
840 2101 894 2136 ὅτι

324 2178 343 2213 ὁ
369 2175 438 2223 μὲν
466 2174 666 2225 Λέαγρος,
694 2173 906 2216 Γλαύκωνος
931 2175 978 2211 ὢν
1004 2174 1176 2221 μεγάλου
1202 2176 1347 2221 γένους,

325 2250 636 2301 ἀβελτεροκόκκυξ
664 2247 789 2292 ἠλίθιος
815 2249 1062 2299 περιέρχεται;

206 2355 324 2393 Bekk.
354 2355 489 2392 anekd.
521 2363 583 2403 27,
615 2364 666 2402 24
693 2352 1004 2404 ἀβελτεροκόκκυξ
1019 2351 1243 2406 τάβέλτερος
1257 2357 1321 2392 καί
1334 2358 1441 2400 κενός,

165 2435 328 2478 κόκκυγα
369 2432 515 2477 λέγουσι
556 2434 617 2468 τὸν
645 2431 741 2468 κενὸν
768 2432 833 2467 καὶ
856 2429 1001 2478 κοῦφον.
