1619 2759
804 137 857 173 44

188 251 256 287 nisi
287 250 458 288 Achilles
485 252 556 289 sibi
584 253 726 290 mederi
754 253 858 291 velit.
883 253 971 291 Hoc
997 253 1210 302 episodium
1239 265 1263 290 a
1286 259 1417 291 nostro
1431 254 1469 290 in

185 324 322 362 fabulis
363 324 668 364 Acharnen'sium
704 339 751 365 ac
786 327 1270 378 Thesmophoriazusarum
1310 328 1347 365 in
1383 328 1470 366 ridi-

185 399 316 436 culum
357 393 619 449 detorquetur.
662 402 706 438 In
743 401 806 439 illa
842 402 974 439 fabula
1008 415 1078 451 pro
1113 402 1256 440 infante
1282 401 1470 451 cophinus
1524 422 1528 425 -

188 475 421 514 substitutus
449 481 527 522 est,
556 475 594 512 in
620 474 694 513 hac
720 481 853 514 autem
881 482 968 514 uter
993 477 1171 514 vinarius.

241 549 344 587 Ach.
381 562 438 587 vs.
479 557 556 598 350
596 545 701 587 vero*
725 551 970 600 Dicaeopolis
1007 551 1173 601 cophino
1213 551 1276 588 illo
1318 551 1472 588 feliciter

187 631 341 674 arrepto
382 626 550 674 periculo
588 627 722 663 mortis
757 626 960 673 liberatus,
996 627 1155 664 victoria
1189 627 1332 673 elatus,
1361 639 1471 663 senes

189 699 306 736 modo
357 700 525 736 minaces
579 712 681 736 nunc
729 700 916 736 demissos
956 700 1086 737 animo
1122 700 1300 745 irridens,
1343 700 1472 736 iocans

191 774 409 812 exclamat:

350 857 415 894 ὑπὸ
443 859 508 894 τοῦ
534 857 631 899 δέους
659 857 696 894 δὲ
723 860 788 903 τῆς
816 859 972 908 μαρίλης
1000 871 1061 905 μοι
1086 857 1225 905 συχνὴν

349 932 369 968 ὁ
394 932 524 981 λάρκος
552 934 751 977 ἐνετίλησεν
778 934 892 982 ὥσπερ
919 934 1043 977 σηπία,

242 1019 401 1066 „Eheul
434 1026 636 1069 tamquam
664 1021 769 1069 sepia
797 1020 986 1070 cophinus
1014 1026 1121 1058 metu
1148 1033 1355 1069 oppressus
1382 1033 1472 1057 con-

188 1096 338 1132 cacavit
365 1108 427 1132 me
456 1096 578 1133 multa
605 1095 801 1144 fuligine.'’

244 1207 310 1245 Ex
337 1208 552 1256 fragmento
581 1218 656 1256 203
681 1208 803 1258 (quod
827 1209 1017 1246 invenitur
1043 1209 1146 1258 apud
1171 1208 1420 1246 Athenaeum
1435 1217 1472 1256 7.

192 1295 230 1330 p.
263 1291 350 1330 307.
367 1283 438 1331 e.):

404 1355 461 1408 AEp'
492 1358 587 1395 ἔνδον
613 1356 747 1408 ἀνδρῶν
773 1359 947 1408 κεστρέων
976 1357 1144 1403 ἀποικιόι;

402 1432 447 1472 ὡς
475 1431 545 1478 μὲν
571 1431 649 1481 γάρ
675 1432 740 1468 εἰσι
767 1432 925 1477 νήστιδες
951 1432 1199 1478 γιγνώσκετε,

189 1513 318 1549 videre
363 1513 450 1550 licet
490 1525 609 1561 quam
646 1513 801 1550 ridicule
838 1513 1000 1562 mugiles
1041 1525 1193 1562 semper
1237 1514 1349 1550 ieiuni
1392 1526 1475 1550 esse

189 1588 456 1633 credebantur,
481 1588 586 1636 quod
610 1599 763 1636 semper
776 1588 878 1624 inani
892 1587 980 1625 alvo
995 1588 1134 1636 reperti
1148 1600 1231 1624 esse
1245 1588 1472 1624 ferebantur.

191 1661 248 1699 Cf.
297 1662 500 1709 Amipsiae
550 1662 831 1710 fragmentum,
893 1662 1000 1710 quod
1051 1661 1188 1698 eodem
1237 1661 1322 1698 loco
1371 1662 1475 1709 apud

193 1735 441 1774 Athenaeum
473 1735 632 1784 legitur:

676 1848 682 1854 ,
724 1810 798 1857 ἐγὼ
825 1810 856 1847 δ’
886 1811 943 1848 ἰὼν
971 1810 1187 1861 πειράσομαι

297 1886 345 1928 εἰς
373 1886 439 1932 τὴν
466 1884 609 1936 ἀγορὰν
635 1888 741 1937 ἔργον
768 1885 911 1935 λαβεῖν.
938 1883 984 1922 Β.
1014 1884 1123 1931 ἧττον
1150 1883 1182 1921 δ’
1212 1883 1258 1922 ἂν
1285 1883 1344 1922 οὖν

298 1963 417 2006 νῆστις
443 1958 604 2009 καθάπερ
631 1960 797 2010 κεστρεὺς
824 1957 1070 2004 ἀκολουθήσεις
1099 1958 1192 2005 ἐμοί.

247 2043 438 2091 „Videtur
460 2043 627 2092 colloqui
650 2043 839 2091 parasitus
862 2054 951 2080 cum
966 2032 1026 2088 eo,
1041 2053 1158 2090 quem
1173 2041 1310 2079 frustra
1323 2047 1478 2079 secutus

195 2124 290 2166 erat,
315 2129 474 2166 sperans
499 2117 579 2154 fore
604 2123 647 2154 ut
670 2117 721 2153 ab
735 2129 782 2153 eo
796 2115 1058 2154 invitaretur.''
1074 2114 1236 2166 (Kock.)
1250 2116 1306 2154 Cf.
1322 2128 1479 2165 quoque

194 2191 441 2241 Theopompi
469 2192 511 2230 fr.
547 2202 605 2240 13.

247 2267 589 2317 Quemadmodum
617 2278 687 2303 nos
714 2267 896 2303 dicimus:
918 2265 1024 2314 glad
1044 2264 1107 2302 als
1128 2277 1193 2302 een
1215 2264 1293 2311 aal,
1323 2266 1361 2302 in
1378 2266 1480 2314 frag-

194 2348 327 2380 mento
355 2349 402 2389 25
432 2342 586 2379 dicitur:

567 2417 632 2454 καὶ
655 2418 747 2458 λεῖος
772 2417 886 2466 ὥσπερ
913 2416 1088 2463 ἔγχελυς.
