1619 2759
781 139 828 179 32

221 255 399 293 Eandem
415 256 467 293 ob
483 268 640 293 causa-m
655 257 785 293 avium
801 256 891 293 urbs
906 261 1087 293 vocatur:
1102 253 1450 302 Νεφελοκοκκυγία.

218 368 318 406 Cum
346 369 383 405 in
412 368 540 405 fabula
567 369 808 416 Lysistratae
838 369 1015 406 mulieres
1038 368 1076 405 in
1094 367 1280 416 Acropoli
1295 366 1446 403 obside·

167 451 300 488 antur,
340 456 416 480 una
443 455 489 480 ac
515 443 635 479 altera
662 444 700 479 in
729 444 863 480 urbem
892 443 1074 491 aufugere
1101 448 1271 480 conatur.
1302 442 1450 478 Astuta

168 518 360 567 quaedam
397 531 439 555 se
474 518 661 567 parturire
696 518 850 555 simulat
883 518 1047 567 ideoque
1074 518 1225 569 galeam
1254 517 1449 554 Minervae

165 594 238 630 sub
268 599 377 630 veste
403 593 584 641 occultat,
602 599 645 630 ut
658 593 817 641 gravida
832 606 916 630 esse
930 594 1114 631 videatur.
1146 593 1303 631 Casside
1317 599 1448 629 autem

165 668 340 713 detecta,
370 668 457 704 duci
484 680 640 704 severae
667 668 839 716 roganti:

324 746 363 780 τί
387 744 481 789 δῆτα
509 744 649 788 ταύτην
676 743 776 790 εἶχες
785 757 795 787 ;

165 819 259 855 scite
288 818 494 866 respondet
512 830 576 857 ,vs
609 819 706 864 758:

793 893 849 929 ἱνα
880 892 922 939 μ’
952 893 985 929 εἰ
1008 893 1222 941 καταλάβοι

324 969 343 1004 ὁ
370 969 471 1009 τόκος
499 967 552 1004 ἔτ’
585 966 620 1004 ἐν
645 970 765 1011 πόλει,
794 968 932 1015 τέκοιμ’
963 969 999 1010 ἐς
1026 968 1091 1014 τὴν
1118 967 1222 1014 κυνῆν

324 1043 469 1092 ἐσβᾶσα
497 1046 648 1089 ταύτην,
677 1047 790 1094 ὥσπερ
819 1046 861 1080 αἱ
885 1047 1098 1094 περιστεραί.

216 1126 293 1168 Ut,
318 1126 349 1161 si
378 1138 441 1162 me
467 1131 694 1174 occupasset
722 1131 856 1173 partus
883 1125 1009 1162 adhuc
1035 1126 1073 1162 in
1103 1138 1190 1162 arce
1217 1131 1445 1168 versantem,

162 1212 335 1247 parerem
364 1201 401 1236 in
428 1201 579 1248 galeam
608 1200 711 1237 illam
738 1201 928 1248 ingressa,
959 1201 1058 1237 sicut
1090 1200 1303 1236 columbae.

162 1276 215 1310 ὅτι
245 1274 280 1311 ἐν
308 1276 507 1321 κοιλώμασι
535 1277 733 1318 τίκτουσιν,
762 1275 967 1312 scholiasta
994 1281 1165 1312 annotat.

215 1387 313 1425 Plut.
342 1400 397 1425 vs,
419 1398 519 1425 1010
541 1400 637 1424 anus
660 1388 711 1424 ab
734 1393 909 1424 amatore
931 1387 1081 1424 deserta
1102 1387 1291 1435 queritur:
1317 1386 1443 1433 „Cum

160 1461 287 1498 adhuc
316 1474 464 1510 pauper
485 1468 597 1507 esset,
623 1461 715 1498 mihi
737 1461 798 1498 hic
821 1462 966 1498 iuvenis
985 1462 1164 1498 omnibus
1178 1462 1301 1497 modis
1315 1462 1444 1498 adula-

163 1537 299 1584 batur,

370 1608 435 1642 καὶ
460 1608 499 1652 νὴ
524 1607 589 1642 Δί’
618 1607 651 1642 εἰ
674 1608 897 1653 λυπουμένην
925 1606 1080 1643 αὶσθοιτό
1104 1620 1153 1653 με

373 1680 560 1732 νηττάριον
587 1680 633 1718 ἂν
659 1682 722 1718 καὶ
750 1681 879 1730 βατιον
895 1680 955 1732 (¹)
985 1680 1220 1733 ὑπεκορίζετο.

212 1779 309 1816 Cum
348 1778 450 1815 Ach.
488 1791 542 1816 vs.
574 1779 626 1816 60
660 1779 776 1827 legati
814 1785 1048 1816 revertentes
1079 1792 1102 1815 a
1130 1791 1220 1827 rege
1243 1780 1441 1815 Persarum

161 1847 373 1895 magnificis
415 1846 587 1884 vestibus
631 1847 754 1884 ornati
802 1847 839 1883 in
880 1847 1104 1884 concionem
1145 1846 1441 1884 Atheniensium

160 1922 454 1959 introducuntur
465 1951 473 1967 ,
506 1933 696 1970 praecone
722 1921 931 1958 clamante:

372 2006 407 2042 οἶ
435 2004 599 2055 πρέσβεις
626 2005 658 2041 οἱ
683 2004 783 2055 παραὶ
812 2004 1003 2053 βασιλέως,

212 2086 458 2135 Dicaeopolis
493 2086 657 2134 simplex
695 2086 756 2123 ille
786 2087 952 2135 agricola
981 2086 1242 2124 Acharnensis
1269 2089 1442 2136 indigna-

157 2161 310 2198 bundus
336 2161 497 2198 clamat:

369 2238 464 2273 ποίου
492 2236 693 2286 βασιλέως;
722 2236 889 2285 ἄχθομαι
917 2238 987 2284 ’γὼ
1019 2237 1187 2288 πρέσβεσι

367 2314 432 2349 καὶ
457 2316 530 2354 τοῖς
557 2317 671 2349 ταῶσι
697 2318 774 2355 τοῖς,
796 2313 832 2351 τ’
866 2312 1172 2362 ἀλαζονεύμασιν.

193 2438 239 2475 (¹)
259 2438 341 2473 Quid
363 2438 400 2466 sit
420 2442 519 2478 βάτων
539 2448 602 2467 non
623 2443 715 2476 patet,
736 2444 919 2478 quapropter
940 2440 1093 2484 Bentleius
1114 2441 1265 2469 substituit
1286 2445 1404 2479 φάττιον.
