1619 2759
784 92 833 130 77

230 209 349 257 Vesp.
377 221 432 245 VS.
463 217 538 256 702
568 208 666 245 filius
693 209 792 257 patri
830 208 1011 246 heliastae
1039 215 1252 246 asseverat:
1286 209 1458 257 „imperii

177 285 252 329 tui,
282 297 361 333 quo
389 290 591 332 tantopere
618 284 790 332 gloriaris

231 351 290 388 οὐκ
314 350 526 394 ἀπολαύεις,
553 352 644 397 πλὴν
667 349 761 388 τοῦθ’
786 351 805 387 ὃ
825 350 955 401 Φέρεις,
980 350 1109 401 ἀκαρῆ,
1124 352 1188 387 καὶ
1202 349 1300 387 τοῦτ’
1318 349 1393 400 ἐρίῳ
1407 364 1459 391 σοι

232 417 460 467 ἐνστάζουσιν
487 417 588 456 κατα
616 418 738 469 μικρὸν
761 417 841 461 ἀεί,
867 420 931 455 τοῦ
953 417 1018 466 ζῆν
1041 418 1152 465 ἕνεχ’,
1167 420 1280 468 ὥσπερ
1301 419 1456 455 ἔλαιον.”

180 494 247 531 Ad
274 494 369 531 haec
397 494 513 531 verba
542 506 618 530 non
646 494 758 531 valde
782 495 980 543 perspicua
1003 493 1229 542 explicanda
1254 493 1457 531 scholiasta

148 564 150 567 ’
180 567 341 607 annotat
379 569 505 606 haect*
526 568 596 607 ἀπὸ
625 569 846 619 μεταφορᾶς
873 568 943 606 τῶν
975 569 1025 606 τοὶ
1052 569 1130 606 ὦτα
1158 568 1369 615 ἀλγούντων
1397 572 1459 605 καὶ

182 645 224 681 δι’
255 644 341 696 ἐρίου
371 643 660 693 ὲπισταζομένων
687 647 805 682 ἔλαιον
832 645 1076 696 καταβραχύ.

234 750 300 786 Ad
328 750 481 786 senibus
510 750 812 788 maledicendum
841 751 1030 788 interdum
1060 751 1096 786 in
1126 762 1196 786 usu
1226 756 1315 800 sunt
1342 751 1459 787 verba

181 824 324 873 τύμβος
363 825 423 862 vel
465 828 572 875 σορός.
613 826 671 862 Ita
714 827 794 862 seni
836 827 964 874 ignem
1002 825 1170 862 afferenti
1205 826 1341 862 dicitur
1365 826 1458 873 Lys.

182 911 226 935 VS
269 908 365 946 3732

289 977 328 1011 τί
353 975 415 1011 δαὶ
440 975 482 1011 σι)
510 977 597 1025 πῦρ,
626 975 653 1012 ὦ
681 975 813 1024 τύμβ’,
842 977 958 1023 ὲ’χων;

183 1061 229 1086 ac
256 1050 293 1086 in
321 1049 537 1097 fragmento
570 1061 583 1087 1
616 1051 773 1099 legitur:

289 1122 363 1160 ἀλλ
392 1124 424 1160 εἶ
448 1125 595 1175 σορέλλη
623 1126 687 1162 καὶ
713 1127 823 1176 μύρον
849 1126 912 1162 καὶ
938 1127 1084 1162 ταινίαι.

183 1199 301 1246 Vesp.
331 1211 387 1235 vs.
423 1207 522 1246 1370
557 1211 696 1248 senex,
727 1200 763 1236 in
797 1200 1083 1236 comissatorem
1113 1212 1339 1244 conversus,
1367 1200 1459 1237 dum

183 1273 376 1310 tibicinam
400 1285 451 1310 ex
477 1274 653 1310 convivio
681 1286 811 1311 secum
839 1274 1012 1323 abripere
1039 1280 1200 1311 conatur
1228 1274 1304 1311 filio
1332 1276 1461 1312 convi-

183 1350 297 1385 cianti
325 1349 550 1397 respondet,
574 1350 684 1397 quasi
712 1350 794 1397 ipse
815 1350 977 1395 iuvenis,
1003 1350 1099 1386 alter
1112 1355 1243 1387 autem
1259 1362 1378 1387 senex
1392 1352 1460 1387 sit:

343 1418 381 1452 τί
405 1417 529 1453 ταῦτα
557 1419 690 1467 ληρεῖς,
719 1418 832 1467 ὥσπερ
855 1414 925 1468 ἀπὸ
956 1415 1102 1464 τύμβου
1131 1418 1262 1462 πεσών;

186 1492 277 1540 quid
304 1492 457 1537 deliras,
494 1492 602 1540 quasi
639 1504 662 1527 a
690 1491 839 1528 tumulo
866 1491 1045 1540 delapsus
1072 1491 1150 1528 sis?
1174 1493 1195 1528 i.
1212 1504 1233 1528 e
1261 1498 1461 1539 tamquam

185 1566 303 1603 homo
331 1567 395 1614 qui
421 1566 497 1602 iam
524 1566 588 1602 diu
617 1571 790 1603 mortuus
814 1571 884 1604 est.

238 1657 408 1694 Exstant
446 1656 549 1704 apud
590 1661 763 1692 nostrum
804 1656 904 1692 duae
944 1655 1194 1704 metaphorae
1233 1657 1376 1704 petitae
1411 1668 1463 1692 ex

187 1743 383 1768 servorum
419 1730 659 1776 condicione3
700 1730 818 1767 altera
862 1730 955 1778 quid
996 1730 1250 1767 felicissimum
1287 1730 1463 1767 habuerit

187 1818 320 1842 eorum
347 1806 426 1842 vita
453 1805 612 1850 indicat,
641 1805 760 1842 altera
786 1805 879 1853 quid
907 1805 1171 1842 miserrimum.

240 1870 338 1916 Piut.
366 1891 423 1915 vs.
451 1878 529 1927 769
554 1884 730 1916 matrona
757 1878 932 1923 Plutum,
958 1879 1018 1915 cui
1046 1879 1149 1915 visus
1177 1879 1346 1915 redditus
1382 1885 1461 1924 est,

188 1960 396 2003 exceptura
424 1954 494 1991 sibi
521 1955 591 2003 ipsi
617 1954 728 1992 dicit:

347 2021 435 2072 φέρε
462 2035 521 2058 νυν
549 2020 631 2058 ἰοῦσ’
659 2023 738 2058 sib-w
764 2023 897 2069 κομίσω
924 2023 1229 2069 καταχύσματα,

347 2092 460 2139 ὥσπερ
488 2091 702 2135 νεωνήτοισιν
730 2087 933 2136 ὀφθαλμοῖς
961 2089 1048 2134 ἐγώ.

188 2166 375 2203 Videmus
399 2165 513 2201 moris
541 2164 654 2201 fuisse
681 2170 723 2201 ut
751 2176 874 2200 novus
903 2175 1051 2208 servuS,
1081 2169 1282 2211 tamquam
1310 2164 1463 2213 hospes,

190 2241 350 2279 bellariis
399 2240 659 2288 exciperetur;
710 2239 866 2276 eosdem
915 2244 1044 2275 autem
1095 2251 1226 2275 servos
1273 2240 1464 2277 interdum

191 2317 306 2353 etiam
334 2314 535 2351 crudeliter
561 2314 716 2351 cruciari
745 2314 915 2362 potuisse
945 2325 1014 2348 nos
1038 2319 1170 2350 monet
1193 2314 1286 2361 Lys.
1303 2327 1358 2352 vs,
1376 2305 1465 2360 843,

191 2391 256 2428 ubi
283 2390 352 2427 viri
377 2389 530 2426 libidine
553 2401 622 2425 sua
650 2389 804 2426 cruciati
825 2393 1054 2437 queruntur:
