1619 2759
180 697 686 745 METAPHORAE
724 697 768 744 E
801 696 972 743 VITA
1002 694 1454 748 QUOTIDIANA

658 771 978 817 PETITAE.

232 1068 457 1116 Complures
486 1067 731 1117 metaphoras
759 1068 1013 1117 Aristophani
1040 1068 1215 1116 praebuit
1242 1079 1303 1103 ars
1326 1068 1456 1115 coqui-

180 1143 283 1179 naria
310 1149 349 1180 et
376 1155 496 1179 coena
522 1143 756 1191 quotidiana.
791 1143 892 1180 Hinc
918 1150 977 1180 est
1005 1144 1126 1191 petita
1154 1143 1277 1191 lepida
1305 1143 1454 1190 imago,

179 1229 280 1265 quae
307 1217 469 1253 occurrit
495 1217 570 1265 Eq.
599 1229 655 1254 vs,
686 1218 779 1263 824:

500 1292 654 1344 (Cleon)
683 1293 765 1335 τούς
792 1293 945 1334 καυλοῦς

495 1367 567 1404 τῶν
593 1365 738 1404 εὐθυνῶν
765 1365 983 1414 ἐκκαυλίζων

494 1440 818 1494 καταβροχθίζει,
847 1440 1013 1490 κάμφοῖν
1040 1445 1170 1493 χειροῖν

496 1520 723 1566 μυστιλᾶται
751 1517 822 1555 τῶν
848 1518 1034 1565 δημοσίων.

233 1608 476 1645 Vividissima
516 1614 574 1645 est
616 1609 777 1657 pictura.
818 1607 949 1645 Oculis
988 1619 1077 1644 eum
1115 1607 1309 1652 videmus,
1345 1597 1456 1644 ‘illum

161 1694 164 1697 ’
179 1683 383 1720 heluonem
398 1683 551 1720 delicias
565 1694 708 1720 coenae
722 1683 910 1720 voraciter
922 1682 1197 1731 deglutientem
1213 1695 1258 1719 ac
1267 1683 1457 1719 ambabus
1470 1718 1475 1722 ,

182 1757 369 1802 manibus,
395 1770 436 1794 se
472 1758 598 1806 ipsum
635 1758 947 1806 ingurgitantem.
977 1758 1125 1795 Notum
1153 1763 1212 1795 est
1238 1757 1300 1795 τὸν
1325 1758 1458 1795 καυλὸν

180 1833 446 1869 suavissimam
470 1844 554 1869 esse
575 1838 725 1880 partem
750 1831 885 1880 silphii,
907 1833 1012 1879 quod
1027 1832 1111 1868 olus
1125 1833 1272 1880 antiqui
1288 1833 1457 1869 maxime

179 1907 375 1950 amabant.
404 1906 461 1945 Cf.
490 1919 545 1944 vs.
576 1908 664 1955 895.

233 1981 307 2030 Eq.
337 1994 392 2018 vs.
423 1990 512 2029 752.
540 1982 707 2028 Demus,
735 1981 993 2031 Paphlagonis
1019 1988 1058 2020 et
1073 1982 1250 2020 botularii
1263 1989 1456 2020 certamen

181 2057 464 2105 diffldicaturus,
493 2058 691 2096 contendit
716 2070 759 2095 se
786 2057 889 2095 nullo
911 2057 985 2095 alio
1007 2057 1092 2095 loco
1115 2058 1247 2095 sedere
1269 2058 1365 2095 velle
1388 2059 1457 2095 nisi

178 2133 216 2168 in
245 2132 346 2178 foro;
374 2138 458 2169 tum
490 2132 721 2169 botularius:

340 2208 431 2254 οἴμοι
458 2208 710 2255 κακοδαίμων,
739 2209 784 2249 ὡς
811 2207 984 2246 ἀπόλωλ’.
1011 2208 1030 2243 0‘
1053 2207 1130 2257 γὰρ
1157 2208 1272 2258 γέρων

343 2283 425 2318 οἴκοι
452 2281 522 2328 μὲν
549 2280 683 2332 ἀνδρῶν
711 2281 786 2319 ἐστι
812 2282 1048 2329 δεξιώτατος,

345 2357 434 2393 ὅταν
466 2354 497 2392 δ’
528 2355 584 2393 ἐπὶ
610 2358 768 2402 ταυτησὶ
792 2355 947 2402 καθῆται
973 2359 1037 2402 τῆς
1065 2357 1219 2407 πέτρας,

342 2431 494 2478 κέχηνεν
522 2433 636 2482 ὥσπερ
664 2430 863 2480 ἐμποδίζων
889 2431 1062 2479 ἰσχάδας.
