1619 2759
784 122 833 158 82

221 249 320 286 Ran.
349 260 406 285 VS.
432 247 521 295 837.
550 246 753 296 Euripides
780 246 976 283 aemulum
1003 257 1118 283 suum
1145 250 1279 282 vocat:

325 321 502 372 ἄνθρωπον
528 320 750 372 ἀγριοποιὸν,
779 320 1067 368 αὐθαδόστομον.

324 397 449 444 ἔχοντ’
477 397 658 444 ἀχάλινον
685 396 843 446 ἀκρατὲς
871 394 1047 446 ἀθύρωτον
1073 396 1216 441 στόμα,

164 477 322 520 poetam
362 472 470 508 cuius
510 471 680 508 carmina
719 470 871 508 horrida
912 469 1148 518 Cyclopibus
1189 467 1348 505 fortasse
1385 466 1446 503 vel

165 543 367 581 Centauris
389 544 538 592 placere
560 549 735 593 possunt,
752 556 829 580 non
844 544 1077 581 cultissimae
1093 543 1196 580 urbis
1209 541 1367 580 civibus.
1383 551 1449 576 ore

164 619 381 667 praeditum
395 619 613 656 contumaci
628 618 811 655 effrenato
824 618 1072 655 incontinenti
1084 627 1294 665 numquam
1306 615 1448 652 clauso.

379 693 502 735 ἵππους
529 693 687 730 ἐλαύνων
716 691 903 739 ἐξέπεσον,
933 692 973 738 νὴ
1002 691 1085 734 τοὺς
1112 690 1206 734 θεούς

166 768 360 815 Amynias
386 768 545 816 quidam
573 768 675 805 Nub.
692 780 749 805 vs·
778 776 875 815 1272
886 768 1157 816 queritur3cui
1170 779 1290 804 senex
1314 765 1446 814 Strep-

165 841 289 877 siades
312 842 526 890 praeceptis
555 840 724 879 Socratis
738 842 921 888 imbutus,
936 842 1062 879 verbis
1075 841 1210 879 ludens
1225 840 1449 890 respondet:

326 917 365 952 τί
389 915 483 958 δῆτα
513 913 650 966 ληρεῖς,
678 918 793 966 ὥσπερ
821 916 886 953 ἀπ’
915 918 991 953 ὄνου
1018 917 1255 960 καταπεσών;

168 996 417 1034 Proverbium
456 1003 538 1035 erat
575 995 646 1035 ἀπὸ
693 996 751 1036 νοῦ
778 1001 916 1042 πεσεῖν,
945 1004 1074 1035 mente
1114 998 1288 1043 destitui,
1317 997 1451 1035 ludens

165 1071 404 1118 Strepsiades
432 1072 548 1119 igitur
569 1072 680 1109 dicit:
710 1072 817 1117 Ohe,
846 1073 896 1109 ab
923 1073 1031 1121 equis
1057 1072 1248 1117 decidisti,
1277 1072 1351 1108 hoc
1374 1083 1450 1108 non

167 1150 225 1182 est
254 1157 321 1182 cur
335 1145 565 1192 lamenteris,
581 1151 794 1195 tamquam,
810 1146 915 1195 quod
930 1146 1052 1193 multo
1062 1146 1215 1194 gravius
1226 1150 1284 1183 est
1294 1145 1449 1190 malum,

171 1216 236 1255 ἀπ’
266 1220 341 1256 ὄνου
368 1220 597 1256 καταπεσών.

248 1424 631 1463 METAPHORAE
660 1425 736 1463 EX
758 1424 1094 1463 PALAESTRA
1116 1425 1360 1463 PETITAE.

220 1521 295 1569 Eq.
328 1533 402 1562 νε,
423 1528 500 1568 259
535 1520 675 1558 chorus
708 1520 839 1559 Cleoni
867 1521 1100 1569 exprobrat:
1149 1521 1287 1558 Merito
1316 1520 1448 1557 verbe-

167 1596 281 1641 raris,
310 1593 376 1644 qui
405 1595 488 1637 τούς
515 1594 722 1637 ὑπευθύνους
751 1595 955 1642 exhauris,

222 1670 292 1707 κάν
318 1670 384 1708 τιν’
414 1669 535 1707 αὐτῶν
561 1673 657 1717 γνῷς
685 1669 898 1721 ἀπράγμον’
928 1673 1016 1708 ὅντα
1043 1672 1108 1708 καί
1132 1673 1337 1719 κεχηνότα,

222 1739 462 1784 καταγαγὼν
490 1737 528 1775 ἐκ
557 1737 775 1788 Χερρονήσου
802 1737 992 1786 διαλαβὼν
1021 1738 1236 1788 ἠγκύρισας,

223 1803 287 1840 εἶτ’
318 1802 552 1854 ἀποστρέψας
581 1804 643 1841 τὸν
673 1803 770 1851 ὦμον
797 1804 910 1841 αὑτὸν
938 1804 1220 1853 ἐνεκολήβασας.

169 1878 209 1916 Si
247 1884 378 1916 autem
411 1878 608 1927 stupidum
637 1878 803 1927 aliquem
832 1891 878 1916 ac
906 1879 1065 1916 inertem
1094 1880 1192 1916 inter
1219 1891 1285 1915 eos
1310 1890 1454 1926 cogno-

169 1954 290 2001 veris,
323 1965 345 1990 e
375 1952 615 1991 Chersoneso
645 1959 773 1990 tecum
797 1953 970 1990 auferens
993 1953 1162 1990 medium
1180 1952 1382 2002 prehendis
1409 1965 1454 1990 ac

169 2028 275 2064 humi
298 2028 526 2076 prosternis,
553 2039 642 2064 eum
666 2028 882 2076 deprimens
904 2040 1006 2064 nexu
1021 2027 1284 2064 bracchiorum
1299 2033 1454 2076 tuorum

170 2107 416 2139 curvatorum
456 2107 656 2149 tamquam
694 2114 877 2148 ancorae,
915 2107 998 2139 tum
1033 2113 1166 2138 umero
1194 2107 1338 2139 retorto
1365 2113 1454 2138 eum

172 2174 449 2225 ἐγκοληβοίζεις.
482 2176 599 2226 Quod
622 2175 825 2214 scholiasta
847 2177 1032 2223 affirmat,
1055 2176 1130 2213 hoc
1152 2176 1312 2213 verbum
1340 2177 1456 2225 signi-

125 2246 130 2250 *
172 2251 286 2288 ficare
310 2250 450 2294 ἐκπιεῖν,
478 2263 607 2288 merae
634 2257 723 2289 sunt
752 2264 889 2300 nugae.
919 2252 1001 2289 Nisi
1016 2257 1140 2289 totam
1155 2251 1359 2299 imaginem
1373 2262 1455 2288 cor-

172 2332 355 2374 rupturus
381 2339 439 2372 es,
466 2327 534 2364 tibi
556 2326 676 2363 verbo
697 2338 795 2375 opus
809 2332 868 2364 est
881 2338 932 2363 ex
946 2339 987 2363 re
1000 2326 1223 2375 palaestrica
1236 2325 1453 2374 desumpto.

174 2400 215 2438 A
241 2400 429 2437 nonnullis
454 2400 571 2448 nobis·
588 2400 762 2438 offertur:
781 2406 951 2438 ventrem
960 2399 1116 2449 ferire,
1140 2399 1207 2437 sed
1229 2399 1328 2437 hanc
1342 2399 1455 2447 signi-
