1619 2759
782 116 829 142 22

297 231 434 282 φρίξας
461 231 493 268 δ’
522 231 729 280 αὐτοκόμου
757 230 890 280 λοφιᾶς
917 231 1148 278 λασιαύχενα
1175 231 1326 277 χαίτην,

295 298 404 336 δεινὸν
431 297 623 337 ἐπισκύνιον
649 300 821 347 ξυνάγων
848 299 1084 350 βρυχώμενος
1111 298 1185 343 ἥσει

294 366 449 416 ῥήματα
476 364 718 414 γομφοπαγῆ
746 367 934 412 πινακηδὸν
962 364 1129 403 ἀποσπῶν

296 435 459 478 γηγενεῖ
476 430 686 480 φυσήματι.
702 434 764 483 (¹)

217 506 391 554 Rugiens
440 506 591 545 emittet
630 507 749 544 verba
794 507 1089 556 compaginata,
1119 517 1218 554 quae
1246 510 1446 553 tamquam

165 580 340 617 tabulata
366 581 494 626 navis,
532 593 649 629 quam
678 581 845 629 procella
872 581 1072 629 diffringit,
1103 581 1285 629 giganteo
1313 579 1447 628 spiritu

166 668 187 693 e
216 661 373 704 pectore
400 656 539 694 evellit.

218 744 288 782 Vs.
335 754 430 792 1431
489 744 711 793 Aeschylus
755 745 836 793 ipse
876 744 1014 792 alium,
1057 744 1300 781 Alcibiadem
1339 743 1447 788 dico,

165 830 255 855 cum
282 819 393 855 leone
419 825 640 867 comparat3
668 831 758 855 cum
781 820 882 855 enim
905 818 1104 866 Dionysus
1119 829 1208 854 eum
1222 823 1335 865 rogat
1348 829 1449 865 quae

166 892 216 929 sit
242 892 324 928 eius
350 892 540 930 sententia
567 893 615 929 de
642 892 717 930 hoc
738 893 831 938 viro,
861 893 926 941 qui
955 904 1141 941 magnum
1166 891 1321 940 quidem
1344 893 1449 940 inge-

167 966 273 1002 nium
307 965 470 1012 habeat,
509 967 577 1003 sed
618 967 719 1003 idem
761 967 813 1002 rei
853 966 1029 1014 publicae
1068 965 1343 1014 periculosum,
1372 977 1450 1002 res-

167 1039 334 1088 pondet:

398 1116 569 1162 μοέλιστα
597 1116 667 1163 μὲν
694 1117 826 1153 λέοντα
853 1117 906 1163 μὴ
934 1115 965 1152 ’ν
992 1118 1090 1153 πόλει
1117 1113 1282 1165 τρέφειν,

394 1180 435 1227 ἢν
465 1182 495 1218 δ’
526 1181 693 1233 ἐκτραφῇ
720 1196 796 1226 τις,
825 1187 898 1225 τοῖς
924 1185 1061 1233 τρόποις
1088 1183 1282 1232 ὑπηρετεῖν.

221 1285 320 1323 Cum
348 1286 607 1324 Mnesilochus
635 1288 672 1323 in
700 1287 827 1324 fabula
854 1286 1340 1336 Thesmophoriazusarum
1364 1297 1449 1322 mu-

166 1360 272 1397 liebri
313 1360 448 1399 habitu
489 1362 645 1400 indutus
673 1362 772 1399 clam
800 1363 838 1399 in
866 1368 1022 1400 coetum
1050 1361 1251 1398 mulierum
1280 1348 1427 1409 irrepsit
1440 1390 1448 1406 ,

167 1447 213 1472 ac
239 1436 277 1472 in
314 1437 505 1482 oratione,
530 1449 608 1485 qua
635 1448 820 1485 generum
847 1436 1071 1485 Euripidem
1106 1435 1292 1481 defendit,
1320 1436 1449 1471 omnia

167 1509 304 1546 harum
332 1511 424 1548 vitia
453 1517 663 1557 enumerat,
692 1510 767 1548 hoc
789 1523 945 1559 quoque
966 1509 1104 1556 habet,
1129 1510 1234 1559 quod
1248 1510 1292 1547 iis
1311 1521 1451 1558 expro-

167 1584 272 1621 bret:
303 1586 380 1634 (νε.
411 1585 501 1633 502)

219 1656 346 1704 „Sunt
367 1658 531 1696 feminae
554 1659 762 1704 mehercle,
792 1671 892 1707 quae
918 1659 1072 1706 coniugi
1100 1658 1269 1696 dicentes
1293 1671 1335 1695 se
1362 1670 1450 1707 par-

166 1732 299 1778 turire,
328 1732 512 1770 infantem
540 1739 695 1779 emunt,
724 1733 829 1781 quod
869 1733 906 1769 in
935 1732 1010 1770 olla
1037 1733 1252 1779 occultant,
1282 1745 1347 1770 ore
1361 1733 1448 1771 savo

166 1808 361 1845 obturato.
400 1807 501 1845 Cum
538 1813 670 1844 autem
706 1808 750 1843 iis
794 1813 948 1855 tempus
985 1813 1248 1855 opportunum
1288 1808 1448 1853 videtur,

167 1881 350 1919 infantem
378 1887 581 1930 promunt,

379 1955 438 1994 εἶθ’
467 1958 487 2002 ἡ
515 1956 634 2007 μιαροὶ
661 1958 795 2006 γραῦς,
823 1957 844 2001 ἢ
872 1955 994 2007 ’Φερεν
1022 1957 1063 1994 τὸ
1091 1957 1237 2000 παιδίον,

379 2022 437 2061 θεῖ
455 2023 628 2071 μειδιῶσα
656 2023 738 2075 πρὸς
763 2023 825 2061 τὸν
852 2023 966 2076 ἄνδρα
992 2025 1057 2062 καὶ
1082 2025 1207 2072 λέγει;

379 2092 496 2135 ,,λέων
523 2092 612 2128 λέων
638 2104 691 2128 σοι
716 2092 883 2137 γέγονεν,
913 2091 1177 2150 αὐτ-ἔκμαγμα
1203 2092 1300 2130 σὸν.”

209 2201 245 2237 (¹)
279 2201 339 2230 Hic
370 2201 490 2231 leonem
524 2211 586 2231 non
617 2211 723 2240 aprum
754 2202 905 2239 designari
935 2202 1070 2231 indicant
1102 2212 1209 2232 voces:
1249 2205 1357 2242 χαίτην,
1389 2207 1450 2233 ἐπι-

167 2258 275 2294 σκὺνιον,
298 2258 496 2297 βρυχώμενος,
520 2265 598 2294 quae
618 2257 715 2285 solum
736 2261 817 2285 recte
837 2266 868 2285 se
889 2257 1017 2291 habent,
1038 2257 1063 2285 si
1083 2257 1122 2286 de
1140 2257 1229 2286 leone
1249 2258 1397 2286 dicuntur.

207 2310 253 2339 Cf.
278 2311 369 2339 Homv
392 2311 429 2340 11.
449 2310 549 2344 XVII,
574 2317 644 2347 137:

671 2368 705 2398 ὥς
726 2367 767 2399 τίς
787 2377 819 2395 τε
839 2367 903 2395 λέων
923 2367 1008 2395 σθένεϊ
1029 2366 1210 2404 βλεμεαίνει,

424 2424 480 2448 πᾶν
506 2419 537 2448 δι’
554 2418 728 2450 τ’ἐπισκϋνιον
746 2422 820 2450 κάτω
840 2422 946 2451 ἕλκεται
967 2420 1031 2450 ὄσσε
1051 2421 1201 2451 καλύπτων.
