<?xml version="1.0" encoding="UTF-8"?>
<!DOCTYPE html PUBLIC "-//W3C//DTD XHTML 1.0 Transitional//EN"
    "http://www.w3.org/TR/xhtml1/DTD/xhtml1-transitional.dtd">
<html xmlns="http://www.w3.org/1999/xhtml" xml:lang="en" lang="en">
 <head>
  <title>
</title>
<meta http-equiv="Content-Type" content="text/html;charset=utf-8" />
  <meta name='ocr-system' content='tesseract 3.04.00' />
  <meta name='ocr-capabilities' content='ocr_page ocr_carea ocr_par ocr_line ocrx_word'/>
</head>
<body>
  <div class='ocr_page' id='page_1' title='image "4737808_0069.png"; bbox 0 0 1619 2759; ppageno 0'>
   <div class='ocr_carea' id='block_1_1' title="bbox 786 149 833 188">
    <p class='ocr_par' dir='ltr' id='par_1_1' title="bbox 786 149 833 188">
     <span class='ocr_line' id='line_1_1' title="bbox 786 149 833 188; baseline 0 -10"><span class='ocrx_word' id='word_1_1' title='bbox 786 149 833 188; x_wconf 82' lang='grc'><strong>52</strong></span> 
     </span>
    </p>
   </div>
   <div class='ocr_carea' id='block_1_2' title="bbox 173 265 1455 317">
    <p class='ocr_par' dir='ltr' id='par_1_2' title="bbox 173 265 1455 317">
     <span class='ocr_line' id='line_1_2' title="bbox 173 265 1455 317; baseline 0.001 -16"><span class='ocrx_word' id='word_1_2' title='bbox 173 265 210 302; x_wconf 94' lang='lat' dir='ltr'>O</span> <span class='ocrx_word' id='word_1_3' title='bbox 246 265 448 313; x_wconf 89' lang='lat' dir='ltr'><strong>Neptune,</strong></span> <span class='ocrx_word' id='word_1_4' title='bbox 486 278 606 313; x_wconf 91' lang='lat' dir='ltr'><strong>quam</strong></span> <span class='ocrx_word' id='word_1_5' title='bbox 645 265 805 314; x_wconf 90' lang='lat' dir='ltr'><strong>pulchra</strong></span> <span class='ocrx_word' id='word_1_6' title='bbox 842 266 1028 315; x_wconf 89' lang='lat' dir='ltr'><strong>adspectu</strong></span> <span class='ocrx_word' id='word_1_7' title='bbox 1066 278 1201 304; x_wconf 86' lang='lat' dir='ltr'><strong>eorum</strong></span> <span class='ocrx_word' id='word_1_8' title='bbox 1229 265 1271 317; x_wconf 90' lang='lat' dir='ltr'><strong>(i.</strong></span> <span class='ocrx_word' id='word_1_9' title='bbox 1288 279 1320 303; x_wconf 91' lang='lat' dir='ltr'><strong>e.</strong></span> <span class='ocrx_word' id='word_1_10' title='bbox 1351 266 1455 314; x_wconf 88' lang='lat' dir='ltr'>pacis</span> 
     </span>
    </p>
   </div>
   <div class='ocr_carea' id='block_1_3' title="bbox 172 338 1456 464">
    <p class='ocr_par' dir='ltr' id='par_1_3' title="bbox 172 338 1456 464">
     <span class='ocr_line' id='line_1_3' title="bbox 172 338 1456 391; baseline 0.001 -14"><span class='ocrx_word' id='word_1_11' title='bbox 172 338 403 391; x_wconf 88' lang='lat' dir='ltr'><strong>amantium)</strong></span> <span class='ocrx_word' id='word_1_12' title='bbox 431 342 606 380; x_wconf 83' lang='lat' dir='ltr'><strong>caterva!</strong></span> <span class='ocrx_word' id='word_1_13' title='bbox 637 354 756 390; x_wconf 87' lang='lat' dir='ltr'><strong>quam</strong></span> <span class='ocrx_word' id='word_1_14' title='bbox 784 341 903 379; x_wconf 87' lang='lat' dir='ltr'><strong>densa</strong></span> <span class='ocrx_word' id='word_1_15' title='bbox 931 347 970 380; x_wconf 90' lang='lat' dir='ltr'><strong>et</strong></span> <span class='ocrx_word' id='word_1_16' title='bbox 994 346 1210 391; x_wconf 84' lang='lat' dir='ltr'><strong>compacta,</strong></span> <span class='ocrx_word' id='word_1_17' title='bbox 1224 341 1330 378; x_wconf 90' lang='lat' dir='ltr'><strong>velut</strong></span> <span class='ocrx_word' id='word_1_18' title='bbox 1346 341 1456 378; x_wconf 83' lang='lat' dir='ltr'><strong>maza</strong></span> 
     </span>
     <span class='ocr_line' id='line_1_4' title="bbox 173 415 1455 464; baseline -0.001 -13"><span class='ocrx_word' id='word_1_19' title='bbox 173 420 213 452; x_wconf 92' lang='lat' dir='ltr'><strong>et</strong></span> <span class='ocrx_word' id='word_1_20' title='bbox 252 427 372 451; x_wconf 88' lang='lat' dir='ltr'><strong>coena</strong></span> <span class='ocrx_word' id='word_1_21' title='bbox 412 415 619 452; x_wconf 85' lang='lat' dir='ltr'><strong>collatitia!</strong></span> <span class='ocrx_word' id='word_1_22' title='bbox 659 416 748 460; x_wconf 89' lang='lat' dir='ltr'><strong>Non</strong></span> <span class='ocrx_word' id='word_1_23' title='bbox 787 416 1002 453; x_wconf 90' lang='lat' dir='ltr'><strong>inconsulto</strong></span> <span class='ocrx_word' id='word_1_24' title='bbox 1039 422 1196 464; x_wconf 88' lang='lat' dir='ltr'><strong>poetam</strong></span> <span class='ocrx_word' id='word_1_25' title='bbox 1223 416 1455 452; x_wconf 84' lang='lat' dir='ltr'>Mercurium</span> 
     </span>
    </p>
   </div>
   <div class='ocr_carea' id='block_1_4' title="bbox 172 489 1457 614">
    <p class='ocr_par' dir='ltr' id='par_1_4' title="bbox 172 489 1457 614">
     <span class='ocr_line' id='line_1_5' title="bbox 172 489 1457 529; baseline 0 -2"><span class='ocrx_word' id='word_1_26' title='bbox 172 489 247 527; x_wconf 93' lang='lat' dir='ltr'><strong>hoc</strong></span> <span class='ocrx_word' id='word_1_27' title='bbox 282 489 566 528; x_wconf 86' lang='lat' dir='ltr'><strong>exclamantem</strong></span> <span class='ocrx_word' id='word_1_28' title='bbox 603 490 726 528; x_wconf 86' lang='lat' dir='ltr'><strong>facere</strong></span> <span class='ocrx_word' id='word_1_29' title='bbox 753 491 845 528; x_wconf 86' lang='lat' dir='ltr'><strong>dixi.</strong></span> <span class='ocrx_word' id='word_1_30' title='bbox 875 491 1031 529; x_wconf 87' lang='lat' dir='ltr'><strong>Etenim</strong></span> <span class='ocrx_word' id='word_1_31' title='bbox 1059 490 1223 528; x_wconf 90' lang='lat' dir='ltr'><strong>indicare</strong></span> <span class='ocrx_word' id='word_1_32' title='bbox 1250 490 1333 527; x_wconf 91' lang='lat' dir='ltr'><strong>vult</strong></span> <span class='ocrx_word' id='word_1_33' title='bbox 1360 490 1457 527; x_wconf 88' lang='lat' dir='ltr'><strong>inter</strong></span> 
     </span>
     <span class='ocr_line' id='line_1_6' title="bbox 173 565 1456 614; baseline 0.001 -14"><span class='ocrx_word' id='word_1_34' title='bbox 173 570 410 613; x_wconf 82' lang='lat' dir='ltr'><strong>spectatores</strong></span> <span class='ocrx_word' id='word_1_35' title='bbox 436 577 594 614; x_wconf 90' lang='lat' dir='ltr'><strong>quoque</strong></span> <span class='ocrx_word' id='word_1_36' title='bbox 622 577 709 611; x_wconf 87' lang='lat' dir='ltr'><strong>eos,</strong></span> <span class='ocrx_word' id='word_1_37' title='bbox 739 566 805 614; x_wconf 91' lang='lat' dir='ltr'><strong>qui</strong></span> <span class='ocrx_word' id='word_1_38' title='bbox 833 578 968 614; x_wconf 89' lang='lat' dir='ltr'><strong>pacem</strong></span> <span class='ocrx_word' id='word_1_39' title='bbox 997 565 1076 602; x_wconf 86' lang='lat' dir='ltr'><strong>fieri</strong></span> <span class='ocrx_word' id='word_1_40' title='bbox 1104 566 1294 614; x_wconf 86' lang='lat' dir='ltr'><strong>gestiunt,</strong></span> <span class='ocrx_word' id='word_1_41' title='bbox 1334 565 1456 602; x_wconf 86' lang='lat' dir='ltr'><strong>multo</strong></span> 
     </span>
    </p>
   </div>
   <div class='ocr_carea' id='block_1_5' title="bbox 173 640 1306 690">
    <p class='ocr_par' dir='ltr' id='par_1_5' title="bbox 173 640 1306 690">
     <span class='ocr_line' id='line_1_7' title="bbox 173 640 1306 690; baseline 0.002 -13"><span class='ocrx_word' id='word_1_42' title='bbox 173 640 301 689; x_wconf 91' lang='lat' dir='ltr'><strong>plures</strong></span> <span class='ocrx_word' id='word_1_43' title='bbox 327 653 411 678; x_wconf 90' lang='lat' dir='ltr'><strong>esse</strong></span> <span class='ocrx_word' id='word_1_44' title='bbox 439 653 558 690; x_wconf 88' lang='lat' dir='ltr'><strong>quam</strong></span> <span class='ocrx_word' id='word_1_45' title='bbox 585 655 608 679; x_wconf 84' lang='lat' dir='ltr'><strong>a</strong></span> <span class='ocrx_word' id='word_1_46' title='bbox 639 641 830 690; x_wconf 90' lang='lat' dir='ltr'><strong>plerisque</strong></span> <span class='ocrx_word' id='word_1_47' title='bbox 856 642 1003 679; x_wconf 90' lang='lat' dir='ltr'><strong>civibus</strong></span> <span class='ocrx_word' id='word_1_48' title='bbox 1030 642 1306 679; x_wconf 83' lang='lat' dir='ltr'><strong>existimentur.</strong></span> 
     </span>
    </p>
   </div>
   <div class='ocr_carea' id='block_1_6' title="bbox 175 753 1461 2492">
    <p class='ocr_par' dir='ltr' id='par_1_6' title="bbox 175 753 1461 2496">
     <span class='ocr_line' id='line_1_8' title="bbox 228 753 1456 803; baseline 0 -13"><span class='ocrx_word' id='word_1_49' title='bbox 228 753 509 802; x_wconf 85' lang='lat' dir='ltr'><strong>Fragmentum</strong></span> <span class='ocrx_word' id='word_1_50' title='bbox 549 753 626 802; x_wconf 87' lang='lat'><strong>236</strong></span> <span class='ocrx_word' id='word_1_51' title='bbox 663 754 834 792; x_wconf 87' lang='lat' dir='ltr'><strong>continet</strong></span> <span class='ocrx_word' id='word_1_52' title='bbox 860 754 958 791; x_wconf 93' lang='lat' dir='ltr'><strong>duos</strong></span> <span class='ocrx_word' id='word_1_53' title='bbox 986 766 1118 791; x_wconf 85' lang='lat' dir='ltr'><strong>versus</strong></span> <span class='ocrx_word' id='word_1_54' title='bbox 1146 753 1195 791; x_wconf 90' lang='lat' dir='ltr'><strong>de</strong></span> <span class='ocrx_word' id='word_1_55' title='bbox 1225 753 1456 803; x_wconf 86' lang='lat' dir='ltr'><strong>mulieribus,</strong></span> 
     </span>
     <span class='ocr_line' id='line_1_9' title="bbox 175 829 545 877; baseline 0 -12"><span class='ocrx_word' id='word_1_56' title='bbox 175 829 360 877; x_wconf 92' lang='lat' dir='ltr'><strong>Euripide</strong></span> <span class='ocrx_word' id='word_1_57' title='bbox 386 830 545 877; x_wconf 87' lang='lat' dir='ltr'><strong>dignos:</strong></span> 
     </span>
     <span class='ocr_line' id='line_1_10' title="bbox 390 902 1229 954; baseline 0 -14"><span class='ocrx_word' id='word_1_58' title='bbox 390 902 538 946; x_wconf 77' lang='grc' dir='ltr'><em>Ποὲσαις</em></span> <span class='ocrx_word' id='word_1_59' title='bbox 565 904 733 950; x_wconf 71' lang='grc' dir='ltr'><strong>γυναιξὶν</strong></span> <span class='ocrx_word' id='word_1_60' title='bbox 763 903 804 950; x_wconf 71' lang='grc' dir='ltr'><strong>ἐξ</strong></span> <span class='ocrx_word' id='word_1_61' title='bbox 832 904 906 945; x_wconf 77' lang='grc' dir='ltr'><em>ἑνός</em></span> <span class='ocrx_word' id='word_1_62' title='bbox 934 904 985 949; x_wconf 85' lang='grc' dir='ltr'><strong>γε’</strong></span> <span class='ocrx_word' id='word_1_63' title='bbox 1011 917 1074 940; x_wconf 79' lang='grc' dir='ltr'><strong>του</strong></span> <span class='ocrx_word' id='word_1_64' title='bbox 1102 905 1229 954; x_wconf 75' lang='grc' dir='ltr'><em>τρόπου</em></span> 
     </span>
     <span class='ocr_line' id='line_1_11' title="bbox 387 978 1141 1028; baseline 0.001 -15"><span class='ocrx_word' id='word_1_65' title='bbox 387 980 501 1027; x_wconf 82' lang='grc' dir='ltr'><em>ὥσπερ</em></span> <span class='ocrx_word' id='word_1_66' title='bbox 529 978 683 1028; x_wconf 73' lang='grc' dir='ltr'><em>παροψὶς</em></span> <span class='ocrx_word' id='word_1_67' title='bbox 710 978 842 1024; x_wconf 80' lang='grc' dir='ltr'><em>μοιχὸς</em></span> <span class='ocrx_word' id='word_1_68' title='bbox 870 978 1141 1025; x_wconf 80' lang='grc' dir='ltr'><em>ἐσκευασμένος.</em></span> 
     </span>
     <span class='ocr_line' id='line_1_12' title="bbox 175 1065 1457 1117; baseline -0.001 -12"><span class='ocrx_word' id='word_1_69' title='bbox 175 1067 368 1105; x_wconf 89' lang='lat' dir='ltr'><strong>Omnibus</strong></span> <span class='ocrx_word' id='word_1_70' title='bbox 408 1068 629 1105; x_wconf 90' lang='lat' dir='ltr'><strong>mulieribus</strong></span> <span class='ocrx_word' id='word_1_71' title='bbox 670 1068 831 1117; x_wconf 87' lang='lat' dir='ltr'><strong>pariter,</strong></span> <span class='ocrx_word' id='word_1_72' title='bbox 874 1068 992 1105; x_wconf 91' lang='lat' dir='ltr'><strong>veluti</strong></span> <span class='ocrx_word' id='word_1_73' title='bbox 1032 1067 1237 1105; x_wconf 91' lang='lat' dir='ltr'><strong>obsonium</strong></span> <span class='ocrx_word' id='word_1_74' title='bbox 1275 1065 1457 1104; x_wconf 91' lang='lat' dir='ltr'><strong>moechus</strong></span> 
     </span>
     <span class='ocr_line' id='line_1_13' title="bbox 175 1143 679 1191; baseline 0.002 -13"><span class='ocrx_word' id='word_1_75' title='bbox 175 1148 234 1180; x_wconf 90' lang='lat' dir='ltr'><strong>est</strong></span> <span class='ocrx_word' id='word_1_76' title='bbox 261 1148 431 1191; x_wconf 86' lang='lat' dir='ltr'><strong>paratus.</strong></span> <span class='ocrx_word' id='word_1_77' title='bbox 674 1143 679 1149; x_wconf 81' lang='grc'><em>“</em></span> 
     </span>
     <span class='ocr_line' id='line_1_14' title="bbox 228 1217 1460 1267; baseline -0.001 -12"><span class='ocrx_word' id='word_1_78' title='bbox 228 1218 348 1267; x_wconf 91' lang='lat' dir='ltr'><strong>Vesp.</strong></span> <span class='ocrx_word' id='word_1_79' title='bbox 376 1231 432 1255; x_wconf 92' lang='lat' dir='ltr'><strong>vs.</strong></span> <span class='ocrx_word' id='word_1_80' title='bbox 470 1228 544 1267; x_wconf 88' lang='lat'><strong>491</strong></span> <span class='ocrx_word' id='word_1_81' title='bbox 586 1218 831 1267; x_wconf 87' lang='lat' dir='ltr'><strong>Bdelycleon,</strong></span> <span class='ocrx_word' id='word_1_82' title='bbox 858 1230 947 1255; x_wconf 92' lang='lat' dir='ltr'><strong>cum</strong></span> <span class='ocrx_word' id='word_1_83' title='bbox 982 1218 1228 1255; x_wconf 89' lang='lat' dir='ltr'><strong>heliastarum</strong></span> <span class='ocrx_word' id='word_1_84' title='bbox 1258 1217 1397 1255; x_wconf 84' lang='lat' dir='ltr'><strong>chorus</strong></span> <span class='ocrx_word' id='word_1_85' title='bbox 1425 1218 1460 1255; x_wconf 90' lang='lat' dir='ltr'><strong>ei</strong></span> 
     </span>
     <span class='ocr_line' id='line_1_15' title="bbox 176 1293 1298 1341; baseline 0 -12"><span class='ocrx_word' id='word_1_86' title='bbox 176 1293 306 1330; x_wconf 87' lang='lat' dir='ltr'><strong>obiicit</strong></span> <span class='ocrx_word' id='word_1_87' title='bbox 334 1293 438 1341; x_wconf 92' lang='lat' dir='ltr'><strong>quod</strong></span> <span class='ocrx_word' id='word_1_88' title='bbox 465 1293 514 1329; x_wconf 92' lang='lat' dir='ltr'><strong>ad</strong></span> <span class='ocrx_word' id='word_1_89' title='bbox 542 1293 749 1341; x_wconf 87' lang='lat' dir='ltr'><strong>tyrannida</strong></span> <span class='ocrx_word' id='word_1_90' title='bbox 775 1294 877 1330; x_wconf 89' lang='lat' dir='ltr'><strong>viam</strong></span> <span class='ocrx_word' id='word_1_91' title='bbox 905 1293 1079 1339; x_wconf 80' lang='lat' dir='ltr'><strong>affectat,</strong></span> <span class='ocrx_word' id='word_1_92' title='bbox 1108 1293 1298 1341; x_wconf 86' lang='lat' dir='ltr'><strong>queritur:</strong></span> 
     </span>
     <span class='ocr_line' id='line_1_16' title="bbox 283 1367 1233 1419; baseline 0.001 -15"><span class='ocrx_word' id='word_1_93' title='bbox 283 1369 328 1410; x_wconf 83' lang='grc' dir='ltr'><strong>ὡς</strong></span> <span class='ocrx_word' id='word_1_94' title='bbox 357 1367 487 1405; x_wconf 73' lang='grc' dir='ltr'><em>ἅπανθ’</em></span> <span class='ocrx_word' id='word_1_95' title='bbox 519 1370 604 1415; x_wconf 76' lang='grc' dir='ltr'><strong>ἡμῖν</strong></span> <span class='ocrx_word' id='word_1_96' title='bbox 631 1371 794 1419; x_wconf 68' lang='grc' dir='ltr'><em>τυραννίς</em></span> <span class='ocrx_word' id='word_1_97' title='bbox 822 1368 897 1405; x_wconf 80' lang='grc' dir='ltr'><strong>ἐστι</strong></span> <span class='ocrx_word' id='word_1_98' title='bbox 925 1370 988 1405; x_wconf 75' lang='grc' dir='ltr'><strong>καὶ</strong></span> <span class='ocrx_word' id='word_1_99' title='bbox 1013 1369 1233 1416; x_wconf 68' lang='grc' dir='ltr'><em>ξυνωμόται.</em></span> 
     </span>
     <span class='ocr_line' id='line_1_17' title="bbox 284 1441 1369 1494; baseline 0 -14"><span class='ocrx_word' id='word_1_100' title='bbox 284 1446 325 1488; x_wconf 72' lang='grc' dir='ltr'><strong>ἦν</strong></span> <span class='ocrx_word' id='word_1_101' title='bbox 352 1457 394 1481; x_wconf 76' lang='grc' dir='ltr'><strong>τε</strong></span> <span class='ocrx_word' id='word_1_102' title='bbox 423 1441 549 1492; x_wconf 73' lang='grc' dir='ltr'><em>μεῖζον</em></span> <span class='ocrx_word' id='word_1_103' title='bbox 575 1446 616 1488; x_wconf 70' lang='grc' dir='ltr'><strong>ἥν</strong></span> <span class='ocrx_word' id='word_1_104' title='bbox 643 1444 678 1480; x_wconf 78' lang='grc' dir='ltr'><strong>τ’</strong></span> <span class='ocrx_word' id='word_1_105' title='bbox 707 1445 864 1481; x_wconf 75' lang='grc' dir='ltr'><em>ἔλαττον</em></span> <span class='ocrx_word' id='word_1_106' title='bbox 892 1445 1054 1494; x_wconf 75' lang='grc' dir='ltr'><em>πρᾶγμα</em></span> <span class='ocrx_word' id='word_1_107' title='bbox 1084 1457 1139 1485; x_wconf 79' lang='grc' dir='ltr'><strong>τις</strong></span> <span class='ocrx_word' id='word_1_108' title='bbox 1161 1445 1369 1493; x_wconf 67' lang='grc' dir='ltr'><em>κατηγορῇ,</em></span> 
     </span>
     <span class='ocr_line' id='line_1_18' title="bbox 284 1511 1318 1566; baseline -0.001 -10"><span class='ocrx_word' id='word_1_109' title='bbox 284 1518 324 1565; x_wconf 78' lang='grc' dir='ltr'><strong>ἧς</strong></span> <span class='ocrx_word' id='word_1_110' title='bbox 352 1519 426 1565; x_wconf 79' lang='grc' dir='ltr'><strong>ἐγὼ</strong></span> <span class='ocrx_word' id='word_1_111' title='bbox 453 1519 514 1556; x_wconf 75' lang='grc' dir='ltr'><strong>οὐκ</strong></span> <span class='ocrx_word' id='word_1_112' title='bbox 541 1522 674 1564; x_wconf 76' lang='grc' dir='ltr'><em>ἥκουσα</em></span> <span class='ocrx_word' id='word_1_113' title='bbox 704 1519 848 1566; x_wconf 74' lang='grc' dir='ltr'><em>τοῦνομ’</em></span> <span class='ocrx_word' id='word_1_114' title='bbox 877 1511 1188 1564; x_wconf 9' lang='grc' dir='ltr'><em>οὐδέηπεντηκονθ</em></span> <span class='ocrx_word' id='word_1_115' title='bbox 1219 1518 1318 1555; x_wconf 76' lang='grc' dir='ltr'>ἐτῶν·</span> 
     </span>
     <span class='ocr_line' id='line_1_19' title="bbox 283 1592 1195 1645; baseline 0 -15"><span class='ocrx_word' id='word_1_116' title='bbox 283 1592 343 1630; x_wconf 76' lang='grc' dir='ltr'><strong>νῦν</strong></span> <span class='ocrx_word' id='word_1_117' title='bbox 369 1594 408 1630; x_wconf 75' lang='grc' dir='ltr'><strong>δὲ</strong></span> <span class='ocrx_word' id='word_1_118' title='bbox 435 1597 556 1641; x_wconf 78' lang='grc' dir='ltr'><em>πολλῷ</em></span> <span class='ocrx_word' id='word_1_119' title='bbox 584 1592 647 1631; x_wconf 77' lang='grc' dir='ltr'><strong>τοῦ</strong></span> <span class='ocrx_word' id='word_1_120' title='bbox 675 1597 850 1645; x_wconf 75' lang='grc' dir='ltr'><em>ταρίχους</em></span> <span class='ocrx_word' id='word_1_121' title='bbox 878 1593 973 1631; x_wconf 75' lang='grc' dir='ltr'><em>ἐστ-ἰν</em></span> <span class='ocrx_word' id='word_1_122' title='bbox 1001 1592 1195 1645; x_wconf 70' lang='grc' dir='ltr'><em>ἀξιωτέρα,</em></span> 
     </span>
     <span class='ocr_line' id='line_1_20' title="bbox 178 1684 1461 1738; baseline -0.001 -17"><span class='ocrx_word' id='word_1_123' title='bbox 178 1686 312 1731; x_wconf 81' lang='lat' dir='ltr'><strong>„cuius</strong></span> <span class='ocrx_word' id='word_1_124' title='bbox 338 1685 584 1736; x_wconf 90' lang='lat' dir='ltr'><strong>(tyrannidis)</strong></span> <span class='ocrx_word' id='word_1_125' title='bbox 617 1697 758 1722; x_wconf 89' lang='lat' dir='ltr'><strong>nomen</strong></span> <span class='ocrx_word' id='word_1_126' title='bbox 796 1686 1078 1738; x_wconf 86' lang='lat' dir='ltr'><strong>quinquaginta</strong></span> <span class='ocrx_word' id='word_1_127' title='bbox 1114 1686 1222 1722; x_wconf 87' lang='lat' dir='ltr'><strong>annis</strong></span> <span class='ocrx_word' id='word_1_128' title='bbox 1259 1697 1307 1721; x_wconf 90' lang='lat' dir='ltr'><strong>ne</strong></span> <span class='ocrx_word' id='word_1_129' title='bbox 1343 1684 1461 1728; x_wconf 90' lang='lat' dir='ltr'><strong>semel</strong></span> 
     </span>
     <span class='ocr_line' id='line_1_21' title="bbox 177 1758 1460 1808; baseline -0.001 -12"><span class='ocrx_word' id='word_1_130' title='bbox 177 1760 332 1808; x_wconf 89' lang='lat' dir='ltr'><strong>quidem</strong></span> <span class='ocrx_word' id='word_1_131' title='bbox 347 1759 486 1805; x_wconf 87' lang='lat' dir='ltr'><strong>audivi,</strong></span> <span class='ocrx_word' id='word_1_132' title='bbox 501 1772 602 1796; x_wconf 88' lang='lat' dir='ltr'><strong>nunc</strong></span> <span class='ocrx_word' id='word_1_133' title='bbox 616 1759 856 1797; x_wconf 86' lang='lat' dir='ltr'><strong>salsamentis</strong></span> <span class='ocrx_word' id='word_1_134' title='bbox 869 1759 978 1796; x_wconf 91' lang='lat' dir='ltr'><strong>vilior</strong></span> <span class='ocrx_word' id='word_1_135' title='bbox 993 1758 1089 1797; x_wconf 89' lang='lat' dir='ltr'><strong>est.’&#39;</strong></span> <span class='ocrx_word' id='word_1_136' title='bbox 1106 1759 1254 1796; x_wconf 90' lang='lat' dir='ltr'><strong>Notum</strong></span> <span class='ocrx_word' id='word_1_137' title='bbox 1270 1764 1328 1796; x_wconf 89' lang='lat' dir='ltr'><strong>est</strong></span> <span class='ocrx_word' id='word_1_138' title='bbox 1343 1758 1460 1795; x_wconf 84' lang='lat' dir='ltr'><strong>salsa-</strong></span> 
     </span>
     <span class='ocr_line' id='line_1_22' title="bbox 179 1834 1460 1883; baseline 0 -13"><span class='ocrx_word' id='word_1_139' title='bbox 179 1835 327 1880; x_wconf 81' lang='lat' dir='ltr'><strong>menta,</strong></span> <span class='ocrx_word' id='word_1_140' title='bbox 357 1846 522 1883; x_wconf 90' lang='lat' dir='ltr'><strong>quorum</strong></span> <span class='ocrx_word' id='word_1_141' title='bbox 551 1846 692 1882; x_wconf 86' lang='lat' dir='ltr'><strong>magna</strong></span> <span class='ocrx_word' id='word_1_142' title='bbox 720 1835 830 1882; x_wconf 91' lang='lat' dir='ltr'><strong>copia</strong></span> <span class='ocrx_word' id='word_1_143' title='bbox 859 1835 1083 1882; x_wconf 82' lang='lat' dir='ltr'><strong>praesertim</strong></span> <span class='ocrx_word' id='word_1_144' title='bbox 1111 1847 1133 1871; x_wconf 90' lang='lat' dir='ltr'><strong>e</strong></span> <span class='ocrx_word' id='word_1_145' title='bbox 1156 1835 1279 1871; x_wconf 88' lang='lat' dir='ltr'><strong>Ponto</strong></span> <span class='ocrx_word' id='word_1_146' title='bbox 1303 1834 1460 1871; x_wconf 88' lang='lat' dir='ltr'><strong>Euxino</strong></span> 
     </span>
     <span class='ocr_line' id='line_1_23' title="bbox 178 1909 1460 1957; baseline 0 -12"><span class='ocrx_word' id='word_1_147' title='bbox 178 1909 480 1957; x_wconf 85' lang='lat' dir='ltr'><strong>importabatur‚</strong></span> <span class='ocrx_word' id='word_1_148' title='bbox 522 1914 680 1957; x_wconf 89' lang='lat' dir='ltr'><strong>propter</strong></span> <span class='ocrx_word' id='word_1_149' title='bbox 724 1909 910 1946; x_wconf 87' lang='lat' dir='ltr'><strong>vilitatem</strong></span> <span class='ocrx_word' id='word_1_150' title='bbox 952 1909 1218 1957; x_wconf 90' lang='lat' dir='ltr'><strong>paupellorum</strong></span> <span class='ocrx_word' id='word_1_151' title='bbox 1259 1909 1460 1945; x_wconf 90' lang='lat' dir='ltr'><strong>hominum</strong></span> 
     </span>
     <span class='ocr_line' id='line_1_24' title="bbox 177 1982 756 2031; baseline -0.003 -11"><span class='ocrx_word' id='word_1_152' title='bbox 177 1983 445 2031; x_wconf 90' lang='lat' dir='ltr'><strong>quotidianum</strong></span> <span class='ocrx_word' id='word_1_153' title='bbox 473 1983 602 2019; x_wconf 88' lang='lat' dir='ltr'><strong>cibum</strong></span> <span class='ocrx_word' id='word_1_154' title='bbox 632 1982 756 2019; x_wconf 89' lang='lat' dir='ltr'><strong>fuisse.</strong></span> 
     </span>
     <span class='ocr_line' id='line_1_25' title="bbox 231 2055 1460 2105; baseline -0.002 -10"><span class='ocrx_word' id='word_1_155' title='bbox 231 2058 485 2105; x_wconf 84' lang='lat' dir='ltr'><strong>„Pestilentus</strong></span> <span class='ocrx_word' id='word_1_156' title='bbox 510 2058 582 2094; x_wconf 88' lang='lat' dir='ltr'><strong>iste</strong></span> <span class='ocrx_word' id='word_1_157' title='bbox 609 2055 862 2095; x_wconf 82' lang='lat' dir='ltr'><strong>scarabaeus’&#39;</strong></span> <span class='ocrx_word' id='word_1_158' title='bbox 892 2069 1025 2094; x_wconf 84' lang='lat' dir='ltr'><strong>servus</strong></span> <span class='ocrx_word' id='word_1_159' title='bbox 1053 2057 1139 2094; x_wconf 87' lang='lat' dir='ltr'><strong>Pac.</strong></span> <span class='ocrx_word' id='word_1_160' title='bbox 1167 2069 1222 2095; x_wconf 77' lang='lat' dir='ltr'><strong>vs,</strong></span> <span class='ocrx_word' id='word_1_161' title='bbox 1249 2058 1298 2094; x_wconf 90' lang='lat'><strong>28</strong></span> <span class='ocrx_word' id='word_1_162' title='bbox 1323 2056 1460 2093; x_wconf 92' lang='lat' dir='ltr'><strong>vocife-</strong></span> 
     </span>
     <span class='ocr_line' id='line_1_26' title="bbox 177 2137 755 2178; baseline -0.002 -9"><span class='ocrx_word' id='word_1_163' title='bbox 177 2139 283 2171; x_wconf 87' lang='lat' dir='ltr'><strong>ratur</strong></span> <span class='ocrx_word' id='word_1_164' title='bbox 316 2145 414 2178; x_wconf 83' lang='lat' dir='ltr'><strong>„non</strong></span> <span class='ocrx_word' id='word_1_165' title='bbox 442 2138 502 2169; x_wconf 87' lang='lat' dir='ltr'><strong>est</strong></span> <span class='ocrx_word' id='word_1_166' title='bbox 528 2137 755 2178; x_wconf 91' lang='lat' dir='ltr'><strong>contentus,</strong></span> 
     </span>
     <span class='ocr_line' id='line_1_27' title="bbox 391 2205 1214 2257; baseline -0.001 -13"><span class='ocrx_word' id='word_1_167' title='bbox 391 2206 431 2252; x_wconf 75' lang='grc' dir='ltr'><strong>ἣν</strong></span> <span class='ocrx_word' id='word_1_168' title='bbox 458 2208 511 2254; x_wconf 76' lang='grc' dir='ltr'><strong>μὴ</strong></span> <span class='ocrx_word' id='word_1_169' title='bbox 539 2205 686 2257; x_wconf 80' lang='grc' dir='ltr'><em>παραθῶ</em></span> <span class='ocrx_word' id='word_1_170' title='bbox 713 2208 846 2257; x_wconf 74' lang='grc' dir='ltr'><em>τρίψας</em></span> <span class='ocrx_word' id='word_1_171' title='bbox 875 2206 917 2243; x_wconf 76' lang='grc' dir='ltr'><strong>δι’</strong></span> <span class='ocrx_word' id='word_1_172' title='bbox 947 2207 1083 2257; x_wconf 74' lang='grc' dir='ltr'><em>ἡμέρας</em></span> <span class='ocrx_word' id='word_1_173' title='bbox 1111 2208 1214 2251; x_wconf 78' lang='grc' dir='ltr'><em>ὅλης,</em></span> 
     </span>
     <span class='ocr_line' id='line_1_28' title="bbox 389 2281 1194 2331; baseline -0.001 -14"><span class='ocrx_word' id='word_1_174' title='bbox 389 2283 503 2331; x_wconf 81' lang='grc' dir='ltr'><em>ὥσπερ</em></span> <span class='ocrx_word' id='word_1_175' title='bbox 530 2282 679 2326; x_wconf 70' lang='grc' dir='ltr'><strong>γυναικὶ</strong></span> <span class='ocrx_word' id='word_1_176' title='bbox 703 2282 901 2327; x_wconf 73' lang='grc' dir='ltr'><strong>γογγύλην</strong></span> <span class='ocrx_word' id='word_1_177' title='bbox 929 2281 1194 2328; x_wconf 79' lang='grc' dir='ltr'><em>μεμαγμένην·</em></span> 
     </span>
     <span class='ocr_line' id='line_1_29' title="bbox 179 2369 1460 2418; baseline -0.001 -13"><span class='ocrx_word' id='word_1_178' title='bbox 179 2370 249 2406; x_wconf 86' lang='lat' dir='ltr'><strong>nisi</strong></span> <span class='ocrx_word' id='word_1_179' title='bbox 272 2382 344 2417; x_wconf 92' lang='lat' dir='ltr'><strong>per</strong></span> <span class='ocrx_word' id='word_1_180' title='bbox 370 2375 499 2407; x_wconf 89' lang='lat' dir='ltr'><strong>totum</strong></span> <span class='ocrx_word' id='word_1_181' title='bbox 527 2370 650 2415; x_wconf 90' lang='lat' dir='ltr'><strong>diem,</strong></span> <span class='ocrx_word' id='word_1_182' title='bbox 688 2375 888 2418; x_wconf 89' lang='lat' dir='ltr'><strong>tamquam</strong></span> <span class='ocrx_word' id='word_1_183' title='bbox 922 2369 1087 2413; x_wconf 87' lang='lat' dir='ltr'><strong>mulieri,</strong></span> <span class='ocrx_word' id='word_1_184' title='bbox 1117 2369 1150 2404; x_wconf 91' lang='lat' dir='ltr'><strong>ei</strong></span> <span class='ocrx_word' id='word_1_185' title='bbox 1178 2380 1373 2415; x_wconf 90' lang='lat' dir='ltr'><strong>apponam</strong></span> <span class='ocrx_word' id='word_1_186' title='bbox 1400 2373 1460 2405; x_wconf 86' lang='lat' dir='ltr'><strong>tu-</strong></span> 
     </span>
     <span class='ocr_line' id='line_1_30' title="bbox 178 2440 1316 2492; baseline -0.003 -12"><span class='ocrx_word' id='word_1_187' title='bbox 178 2443 342 2480; x_wconf 89' lang='lat' dir='ltr'><strong>rundam</strong></span> <span class='ocrx_word' id='word_1_188' title='bbox 369 2444 510 2481; x_wconf 86' lang='lat' dir='ltr'><strong>tritam.</strong></span> <span class='ocrx_word' id='word_1_189' title='bbox 540 2442 640 2496; x_wconf 80' lang='lat' dir='ltr'><strong>(Nos</strong></span> <span class='ocrx_word' id='word_1_190' title='bbox 668 2443 900 2480; x_wconf 86' lang='lat' dir='ltr'><strong>diceremus:</strong></span> <span class='ocrx_word' id='word_1_191' title='bbox 928 2442 991 2480; x_wconf 79' lang='lat' dir='ltr'><strong>als</strong></span> <span class='ocrx_word' id='word_1_192' title='bbox 1017 2454 1082 2479; x_wconf 83' lang='lat' dir='ltr'><strong>een</strong></span> <span class='ocrx_word' id='word_1_193' title='bbox 1105 2440 1316 2492; x_wconf 81' lang='lat' dir='ltr'><strong>juffertje.)</strong></span> 
     </span>
    </p>
   </div>
  </div>
 </body>
</html>
