1619 2759
778 113 826 160 56

217 241 336 289 Vesp.
366 254 422 278 vs.
453 242 530 289 878
559 241 794 290 Bdelycleon
825 241 1049 290 Apollinem
1077 240 1181 278 hisce
1209 240 1335 277 verbis
1363 246 1449 277 orat

165 321 208 353 ut
234 316 354 365 patris
380 329 557 364 asperam
586 322 764 354 naturam
791 317 1029 365 aliquantum
1059 303 1229 364 mitiget:

166 389 301 428 παῦσον
324 389 359 428 τ’
385 390 498 428 αὐτοῦ
521 390 626 428 τοῦτο
651 392 692 429 τὸ
716 395 799 428 λιάν
821 390 1000 442 στρυφνὸν
1023 393 1085 428 καὶ
1108 393 1253 442 πρίνινον
1267 389 1327 441 (¹)
1351 388 1447 435 ἦθος,

166 466 252 503 ἀντὶ
276 469 409 517 σιραίου
439 467 587 514 μέλιτος
615 466 739 517 μικρὸν
767 469 818 513 τῷ
845 465 989 514 θυμιδίῳ
1018 466 1265 517 παραμείξας.

166 561 370 597 compesce
412 550 492 586 eius
544 549 711 586 indolem
761 550 871 586 nimis
924 556 1117 587 austeram
1170 555 1208 586 et
1249 548 1448 597 iligneam,

167 623 206 675 (i.
236 636 269 661 e.
310 624 447 660 duram
484 629 686 673 tamquam
723 624 812 672 ilex)
850 636 920 673 pro
957 624 1108 662 defruto
1145 624 1265 661 mellis
1291 623 1449 672 paulum

167 700 248 736 eius
276 699 406 736 animo
434 699 659 736 admiscens.
1292 746 1295 749 r

168 774 211 809 In
239 772 457 821 fragmento
489 782 562 821 190
590 772 754 821 legimus
781 773 881 811 hanc
908 774 1044 811 miram
1072 773 1357 823 metaphoram:

280 846 332 885 ἋὨ.
356 848 545 898 πρεσβῦτα
574 851 708 899 πότερα
736 848 855 895 Φιλεῖς
878 852 948 891 τὰς
972 850 1152 900 δρυπετεΐς
1175 850 1343 899 ἑταίρας,

275 921 295 967 ἢ
323 924 385 959 καὶ
413 922 483 965 ταὶς
511 920 766 974 ὑποπαρθένους
792 924 971 972 ἁλμάδας
998 925 1043 966 ὡς
1072 923 1187 966 ἐλάας

273 996 431 1048 στιφράς
440 1012 451 1043 ;

169 1073 345 1109 Amasne
386 1073 533 1121 puellas
576 1079 657 1111 tam
700 1066 871 1110 maturas
909 1086 1028 1122 quam
1070 1079 1160 1111 sunt
1187 1074 1322 1119 olivae,
1350 1086 1450 1122 quae

168 1148 219 1184 ab
267 1148 468 1185 arboribus
517 1148 718 1194 decidunt,
761 1161 810 1185 an
852 1150 968 1186 etiam
1010 1161 1095 1194 eas,
1138 1161 1238 1197 quae
1279 1149 1450 1185 nondum

167 1222 322 1259 adultae
361 1228 472 1268 sunt,
514 1223 612 1260 sicut
652 1223 776 1260 olivae
818 1224 956 1268 durae,
1002 1234 1102 1271 quae
1139 1223 1360 1272 priusquam
1400 1223 1450 1259 ad

169 1298 432 1334 maturitatem
461 1303 718 1345 pervenerunt
753 1298 1010 1345 decerpuntur
1037 1303 1076 1335 et
1103 1298 1182 1334 sale
1208 1298 1449 1335 condiuntur.

169 1370 294 1419 (Sicut
322 1383 393 1407 nos
420 1371 469 1407 ad
497 1377 656 1419 gustum
685 1371 934 1408 excitandum
961 1383 1183 1408 cucumeres
1211 1371 1359 1408 edimus
1373 1372 1451 1408 sale

167 1445 228 1481 vel
255 1451 367 1483 aceto
394 1444 599 1496 conditos).

221 1521 394 1560 Immites
431 1534 529 1560 uvae
558 1521 704 1560 Graece
732 1519 901 1570 ὄμφακες
929 1527 1135 1569 vocantur,
1165 1522 1310 1572 tropice
1336 1522 1453 1572 igitur

168 1598 307 1634 dicitur
347 1597 507 1644 ὄμφακα
550 1596 697 1644 βλέπειν
737 1609 808 1645 pro
841 1598 1024 1634 acerbum
1060 1603 1260 1646 aspectum
1296 1597 1449 1634 habere.

169 1673 320 1711 Eodem
361 1672 552 1710 vocabulo
588 1672 836 1720 Dicaeopolis
878 1673 997 1710 utitur
1033 1672 1134 1710 Ach.
1172 1685 1229 1710 vs·
1259 1680 1347 1720 352,
1386 1673 1461 1720 ubi

169 1748 472 1795 indignationem
509 1759 620 1783 suam
648 1752 782 1784 contra
809 1759 945 1784 saevos
973 1759 1083 1784 senes
1111 1747 1350 1798 Acharn'icos
1378 1747 1451 1785 hoc

171 1822 288 1859 modo
315 1822 494 1865 effundit:

329 1893 439 1933 δεινὸν
466 1896 544 1947 γαρ
576 1897 685 1938 οὕτως
717 1894 910 1943 ὀμφακίαν
938 1895 1136 1943 πεφυκέναι

331 1972 392 2009 τὸν
419 1971 529 2019 θυμὸν
557 1970 691 2022 ἀνδρῶν
717 1974 810 2009 ὥστε
838 1972 993 2020 βάλλειν
1020 1974 1084 2009 καὶ
1109 1963 1214 2020 βοᾶν.

225 2054 442 2102 Unicuique
478 2059 538 2091 est
570 2046 714 2091 notum'
745 2053 1047 2102 Aristophanem
1077 2055 1205 2091 omnia
1232 2054 1308 2091 fere
1334 2055 1453 2091 verba

170 2130 287 2166 libere
324 2130 555 2177 coniungere
595 2129 716 2166 solere
756 2141 844 2166 cum
885 2130 1004 2166 verbo
1046 2129 1205 2177 βλέπειν,
1245 2135 1287 2166 ut
1314 2130 1453 2167 indicet

169 2205 337 2254 aliquem
365 2205 416 2242 rei
453 2204 652 2242 cuiusdam
689 2204 856 2253 speciem
890 2205 1084 2253 praebere.
1122 2204 1185 2243 Sic
1221 2217 1291 2254 pro
1328 2205 1452 2242 adiec-

171 2282 252 2319 tivo
279 2281 384 2330 δριμύ
413 2281 568 2317 nomina
595 2279 743 2317 olerum
771 2280 997 2317 acerborum
1025 2280 1167 2317 scribit.

215 2424 240 2459 ¹)
263 2421 310 2453 Cf,
332 2421 408 2452 Ach.
430 2431 473 2450 vs.
498 2419 562 2452 180.
586 2421 677 2460 Vesp.
702 2430 744 2449 vs.
765 2420 834 2459 383.
855 2421 934 2450 Ran.
955 2430 997 2451 vs,
1019 2420 1087 2458 859.
