1619 2759
807 135 856 181 98

805 261 871 297 IV.

235 378 446 416 Wolff-linio
469 379 741 417 contendenti:
766 379 1003 429 (Philologus
1031 381 1141 426 1874,
1166 379 1240 416 vol.
1259 390 1319 427 34,
1335 392 1424 428 pars
1437 381 1465 424 Ι,

180 466 218 502 p.
267 454 356 502 146)
408 453 502 500 „Bei
530 452 673 491 Sallust
712 454 761 491 ist
803 466 892 491 man
933 453 1116 502 gewohnt
1151 453 1239 502 jede
1279 453 1467 503 aufflillige

181 528 565 576 eigenthumlichkeit
590 529 647 565 als
670 528 906 565 archaismus
931 542 978 565 zu
1001 529 1131 566 taufen
1144 558 1152 574 ‚
1175 528 1354 565 wahrend
1377 541 1466 565 man

182 602 238 640 oft
252 602 383 640 besser
396 602 505 641 thate
519 615 597 640 von
610 601 805 652 vulgaren
818 602 1186 641 demokratenlatein
1199 616 1245 640 zu
1256 600 1465 652 sprechen'’

183 689 260 713 non
301 678 588 715 assentiendum
616 690 700 714 esse
727 679 853 714 credo.
882 678 1131 715 Verisimilius
1159 684 1217 715 est
1243 678 1466 715 Sallustium

183 751 375 789 interdum
424 764 608 801 usurpare
658 752 807 790 dicendi
855 765 998 800 genus,
1052 764 1130 801 quo
1171 752 1466 790 emendatissimi

182 826 386 873 scriptores
427 827 538 862 sicuti
588 826 721 863 Cicero
763 832 801 863 et
845 826 987 863 Caesar
1022 827 1060 862 in
1098 838 1277 863 sermone
1311 827 1466 874 quidem
1520 875 1527 882 .

182 901 374 938 cotidiano
403 901 621 948 utebantur,
650 915 673 939 a
702 913 781 951 quo
809 907 940 939 autem
965 902 1002 939 in
1027 902 1174 950 scriptis
1197 900 1467 939 abhorrebant.

802 1070 849 1105 V.

210 1174 218 1182 ⁶
239 1195 363 1231 Nimis
403 1207 527 1243 pauca
569 1201 661 1232 nota
703 1202 793 1232 sunt
821 1196 869 1232 de
896 1196 1044 1244 scriptis
1072 1201 1111 1232 et
1137 1196 1216 1233 vita
1244 1196 1356 1232 Asini
1396 1197 1466 1233 Po-

184 1269 294 1305 lionis
334 1282 453 1318 quam
494 1275 536 1307 ut
565 1270 687 1306 facere
714 1270 906 1318 possimus
929 1282 1018 1307 cum
1053 1269 1261 1306 Wolfflinio
1295 1276 1334 1307 et
1369 1258 1464 1306 Mio-

184 1334 348 1380 donskio
378 1343 437 1392 (C.
468 1345 579 1380 Asini
603 1344 766 1381 Polionis
786 1332 834 1381 ’de
862 1344 968 1381 Bello
997 1344 1129 1381 Asrico
1156 1345 1465 1398 commentarius,

184 1417 475 1454 Recensuerunt
517 1417 563 1454 E.
608 1418 779 1454 Wolfflin
821 1424 860 1455 et
900 1419 953 1455 A.
992 1413 1221 1456 Miodor‘iski.
1249 1419 1401 1466 Lipsiae
1428 1419 1465 1454 in

183 1491 343 1528 aedibus
381 1492 604 1539 Teubneri.)
646 1493 711 1540 qui
754 1491 803 1527 illi
831 1492 911 1528 viro
941 1493 1259 1530 commentarium
1286 1493 1333 1528 de
1360 1492 1466 1528 Bello

185 1566 317 1603 Africo
345 1566 631 1622 asscripserunt-

794 1716 857 1750 Vl.

238 1854 353 1892 Ovid.
383 1835 497 1890 Trisi.
527 1853 603 1898 111,
639 1864 669 1894 1.
698 1864 770 1899 40:

234 1930 355 1977 cingit
383 1936 421 1966 et
449 1936 637 1977 augustas
661 1929 776 1966 arbor
803 1941 925 1977 opaca
954 1929 1110 1965 comas?

235 2004 382 2040 bonum
412 2015 566 2039 sensum
595 2015 671 2039 non
700 2003 872 2051 praebet.

790 2153 871 2189 VII.

236 2271 347 2309 Caes.
377 2272 415 2308 d.
446 2271 488 2308 B.
519 2271 566 2308 G.
596 2271 666 2316 III,
702 2281 740 2315 1,
770 2271 818 2307 6:

237 2345 399 2383 alteram
428 2350 578 2394 partem
606 2346 686 2381 eius
714 2345 786 2381 vici
817 2344 916 2381 Galli
945 2344 995 2381 ad
1009 2344 1254 2381 hiemandum
1269 2345 1466 2398 concessit,
1493 2332 1496 2334 ⁵

238 2421 311 2457 Pro
343 2419 645 2468 „hiemandum”
669 2419 875 2467 legendum
898 2418 1176 2465 „habitandum
1192 2418 1214 2434 ’'
