1619 2759
779 143 852 179 40<

160 270 244 294 esse
270 258 439 306 probant
465 258 559 306 Lys.
589 271 646 296 vs·
673 266 750 305 475
781 271 838 307 sq.
861 257 962 296 Sunt
983 257 1101 295 verba
1123 256 1228 295 chori
1242 257 1443 294 mulierum

160 344 296 369 senum
322 332 441 370 choro
467 332 590 370 dicta:
619 332 754 380 „Bello
781 333 984 371 abstinebo
995 332 1030 378 ‚''

268 421 308 467 ἣν
336 423 389 469 μή
417 435 471 465 τις
498 424 612 482 ὥσπερ
639 421 800 470 σφηκιοὶν
828 422 964 472 βλίττῃ
992 436 1041 471 με
1069 420 1248 474 κάρεθίζῃ.

214 542 314 580 Plut.
329 553 386 578 vs.
405 550 476 589 301
504 541 644 579 chorus
667 543 705 577 in
728 541 871 578 lascivo
885 542 949 579 illo
963 543 1124 588 cantico,
1139 554 1218 591 quo
1234 542 1445 590 Cyclopem
1478 547 1482 551 '

162 615 329 662 deridet,
353 615 485 664 palum
512 621 683 661 acutum,
711 628 791 664 quo
819 616 901 653 eius
928 616 1084 654 oculum
1111 597 1348 665 perfossurus
1376 621 1446 662 est,
1486 594 1497 623 ἰ

162 688 360 737 σφηκίσκον
387 689 577 739 appellat:

344 822 349 827 Ι
639 770 844 820 ζητήσομεν
871 772 933 809 τὸν
960 771 1156 809 Κύκλωπα

244 846 372 892 μέγαν
400 845 581 895 λαβόντες
609 846 770 894 ἡμμένον
797 844 993 894 σφηκίσκον
1021 844 1267 894 ἐκτυφλῶσαι.

218 943 260 978 In
298 943 433 979 eadem
470 942 598 980 fabula
634 944 749 980 Penia
776 944 866 981 dicit
892 956 947 981 vs.
982 944 1078 991 562:
1116 944 1266 993 „Apud
1292 944 1446 981 Plutum

165 1005 372 1065 podagrosi
398 1016 574 1054 homines
601 1017 699 1055 fiunt
725 1030 770 1055 ac
798 1019 909 1055 nimis
936 1019 1119 1067 pingues,

167 1112 251 1164 παρ’
282 1113 363 1160 ἐμοὶ
384 1103 423 1150 δἸ
442 1114 561 1162 ἰσχνοὶ
581 1116 645 1152 καὶ
665 1113 865 1163 σφηκώδεις
880 1113 938 1166 (¹)
961 1117 1024 1152 καὶ
1045 1119 1118 1158 τοῖς
1141 1114 1277 1167 ἐχθροῖς
1300 1114 1447 1167 ἀνιαροί.

167 1204 396 1252 Chremylus
423 1210 558 1241 contra
589 1205 733 1253 lepide:

221 1290 292 1329 ἀπὸ
320 1294 384 1329 τοῦ
413 1295 521 1339 λιμοῦ
541 1293 618 1343 γοὶρ
643 1295 722 1335 ἴσως
744 1293 866 1335 αὐτοῖς
889 1294 930 1331 τὸ
952 1292 1138 1340 σφηκῶδες
1160 1294 1203 1330 σι)
1227 1293 1386 1344 πορίζεις.

221 1389 340 1437 Vesp.
370 1401 425 1426 vs,
461 1397 531 1436 107
560 1401 694 1426 servus
721 1390 770 1426 de
797 1389 1038 1427 Philocleone
1065 1396 1212 1428 narrat:

327 1487 392 1524 ὑπὸ
420 1487 608 1529 δυσκολίας
635 1487 667 1524 δ’
697 1487 812 1525 ἅπασι
836 1490 949 1534 τιμῶν
977 1488 1043 1533 την
1070 1487 1235 1537 μακρὰν,

327 1566 441 1614 ὥσπερ
468 1563 615 1611 μέλιττ’
645 1562 664 1608 ἢ
694 1562 896 1612 βομβυλιὸς
924 1564 1149 1614 εἰσέρχεται,

328 1639 393 1676 ὑπὸ
420 1643 493 1681 τοῖς
521 1639 616 1686 ὄνυξι
654 1639 756 1690 κηρὸν
782 1637 1122 1687 ἀναπεπλασμένος.

222 1737 401 1772 Morosus
437 1748 589 1783 semper
625 1736 782 1784 longam
819 1736 958 1773 lineam
1005 1735 1100 1786 (qua
1140 1737 1282 1773 iudices
1310 1737 1449 1772 indica-

169 1811 265 1848 bant
296 1823 404 1848 reum
428 1810 763 1859 condemnandum
792 1810 892 1859 esse)
918 1823 1047 1859 ungue
1074 1811 1111 1847 in
1140 1816 1324 1848 tesseram
1339 1823 1449 1848 suam

170 1886 275 1923 ducit
315 1891 355 1923 et
394 1891 595 1935 tamquam
636 1886 718 1934 apis
767 1885 828 1922 vel
869 1885 1091 1934 bombylius
1131 1885 1292 1922 domum
1333 1885 1448 1931 redit,

172 1961 368 2009 unguibus
396 1972 483 1997 cera
509 1960 670 1998 sublitis.

224 2035 334 2071 Haec
360 2034 600 2082 comparatio
627 2046 651 2070 a
678 2039 795 2081 poeta
823 2046 899 2070 non
928 2039 987 2071 est
1013 2033 1219 2082 desumpta
1246 2045 1297 2070 ex
1324 2034 1448 2079 rebus,

171 2123 269 2159 quas
297 2109 391 2147 vidit
419 2109 487 2146 sed
515 2121 567 2146 ex
595 2121 647 2154 re,
675 2121 793 2157 quarn
822 2109 943 2155 scivit,
972 2109 1136 2157 ideoque
1163 2109 1334 2145 animum
1363 2121 1450 2145 nos-

172 2192 275 2222 trum
303 2185 429 2220 minus
457 2184 552 2220 ferit.

225 2259 362 2297 Obiter
401 2257 492 2295 mihi
534 2258 738 2296 observare
777 2258 889 2296 liceat
929 2257 1192 2307 coryphaeum
1235 2264 1278 2297 ut
1312 2259 1452 2297 indicet

213 2437 258 2477 (¹)
279 2437 432 2475 Compara
451 2437 648 2472 Germanum;
668 2437 877 2474 wespentaille.
