1619 2759
784 115 829 153 71

172 229 324 266 studere
364 230 407 266 iis
448 229 586 268 liceret.
629 231 746 280 Quod
786 232 815 268 si
859 232 968 269 nobis
999 237 1099 270 esset
1126 232 1324 280 ignotum,
1351 233 1445 281 Lys.

171 315 226 340 VS.
246 304 319 350 568
335 318 392 353 sq.
417 305 544 353 lepido
568 306 684 342 modo
712 319 781 343 nos
803 307 940 344 docere
962 313 1131 355 possent,
1154 307 1218 343 ubi
1233 308 1448 355 Lysistrata

173 378 236 414 uni
277 391 327 415 ex
367 380 595 427 prytanibus
635 380 746 418 dicit:
790 381 927 428 „nobis
966 381 1185 418 mulieribus
1226 387 1268 419 ut
1305 382 1446 419 bellum

170 466 449 502 componamus
489 456 688 501 mandate,
730 469 864 493 omnes
902 458 1003 493 enim
1040 457 1282 494 difficultates
1315 458 1448 494 dissol-

170 540 305 565 vemus
332 529 606 578 experientiam
635 537 804 568 nostram
838 531 987 589 lanificii
1015 532 1128 569 rebus
1155 532 1315 580 publicis
1342 532 1447 569 adhi-

170 604 317 640 bentes.

301 694 414 743 ὥσπερ
429 694 616 744 κλωστῆρ’,
628 695 717 731 ὅταν
732 695 815 741 ἡμῖν
831 692 850 741 ᾖ
866 696 1156 745 τεταραγμένος,
1174 695 1239 732 ὧδε
1255 695 1448 743 λαβοῦσαι,

302 769 560 813 ὑπενεγκοῦσαι
580 771 687 804 τοῖσιν
702 767 898 817 ἀτροὲκτοις
914 769 955 805 τὸ
970 769 1039 814 μὲν
1055 767 1206 811 ἐνταυθὶ,
1223 769 1263 805 τὸ
1278 769 1309 804 δ’
1325 773 1448 811 ἐκεῖσε,

301 842 410 884 οὕτως
437 841 497 880 καὶ
528 841 589 880 τὸν
616 844 772 889 πόλεμον
804 845 931 880 τοῦτον
959 842 1186 889 διαλύσομεν,
1215 845 1264 887 ἦν’
1279 856 1332 884 τις
1347 841 1447 890 ἐάσῃ,

302 916 543 963 διενεγκοῦσαι
570 916 628 954 διοὶ
654 917 847 967 πρεσβειῶν
874 918 915 954 τὸ
941 917 1009 964 μὲν
1034 915 1196 960 ἐνταυθὶ,
1222 917 1262 954 τὸ
1277 916 1309 953 δ’
1325 920 1448 954 ἐκεῖσε.

170 1016 299 1053 Veluti
353 1016 434 1062 fila,
490 1025 583 1053 cum·
628 1017 737 1053 nobis
788 1023 878 1053 sunt
929 1017 1104 1062 turbata,
1157 1015 1448 1064 prehendimus,

172 1103 289 1127 unum
331 1090 423 1136 huc,
465 1090 626 1127 alterum
675 1090 761 1128 illuc
802 1091 891 1127 fusis
933 1091 1210 1136 subducentes,
1252 1091 1306 1127 ita
1347 1090 1449 1127 istud

170 1166 312 1202 bellum
339 1178 496 1214 quoque
522 1166 793 1212 dissolvemus,
820 1167 851 1202 si
876 1167 962 1214 quis
986 1167 1134 1214 siverit,
1159 1178 1227 1214 per
1240 1166 1450 1214 legationes

171 1253 289 1277 unum
317 1240 408 1286 huc,
438 1241 599 1277 alterum
626 1241 713 1277 illuc
746 1241 979 1278 diducentes.

170 1340 274 1386 Pryt.
306 1338 346 1384 ἐξ
372 1337 474 1388 ἐρίων]
492 1339 532 1383 δὴ
547 1340 609 1374 καὶ
622 1340 832 1388 κλωστήρων
842 1341 905 1374 καί
917 1337 1110 1387 ἀτράκτων
1124 1338 1339 1388 πράγματα
1353 1335 1451 1374 δεινοὶ

304 1414 449 1450 παύσειν
463 1411 576 1456 οἴεσθ’,
589 1412 615 1450 ὦ
630 1411 791 1458 ἀνόητοι,
807 1414 899 1461 Lys.
917 1412 985 1449 κᾶν
1000 1414 1084 1460 ὑμῖν
1099 1411 1139 1459 γ’
1157 1414 1191 1449 εἴ
1201 1426 1254 1454 τις
1271 1411 1347 1458 ἐνῆν
1361 1414 1448 1455 νοῦς,

304 1487 341 1524 ἐκ
363 1491 433 1524 τῶν
448 1487 542 1537 ἐρίων
556 1491 626 1524 τῶν
641 1489 822 1537 ἡμετέρων
838 1486 1070 1525 ἐπολιτεύεσθ’
1088 1487 1133 1523 §iv
1148 1487 1312 1523 ἅπαντα.

170 1564 273 1611 Pryt.
305 1566 374 1604 πῶς
396 1563 436 1608 δή
447 1577 457 1607 ;
481 1561 562 1613 φέρ’
588 1563 660 1600 ἴδω.
685 1562 777 1611 Lys.
795 1565 930 1613 πρῶτον
945 1563 1014 1609 μὲν
1028 1565 1149 1613 ἐχρῆν,
1166 1564 1279 1612 ὥσπερ
1295 1564 1399 1598 πόκου
1414 1561 1449 1598 ἐν

1197 1637 1393 1685 βαλανείῳ,

304 1712 550 1753 ἐκπλύναντας
565 1714 629 1758 τὴν
643 1713 835 1757 οἰσπώτην,
852 1712 889 1749 ἑκ
905 1715 968 1757 τῆς
984 1714 1117 1753 πόλεως
1134 1711 1190 1748 ἐπὶ
1202 1714 1320 1756 κλίνης

305 1784 526 1835 ἐκραβδίζειν
541 1785 621 1827 τους
637 1784 837 1835 μοχθηρούς
851 1786 912 1821 καὶ
927 1786 1007 1826 τους
1023 1785 1208 1836 τριβόλους
1222 1783 1421 1831 ἀπολέξαι,

304 1862 367 1896 καὶ
393 1862 474 1901 τούς
501 1874 549 1906 γε
576 1861 857 1907 συνισταμένους
886 1861 1030 1901 τούτους
1059 1862 1121 1896 καὶ
1147 1860 1228 1901 τοὺς
1258 1861 1450 1900 πιλοῦντας

1249 1935 1398 1976 ἑαυτοιὶς

306 2010 362 2046 ἐπὶ
384 2014 463 2051 ταῖς
488 2009 641 2059 ἀρχαῖσι
655 2011 822 2056 διαξῆναι
836 2013 899 2047 καὶ
917 2014 985 2051 τας
999 2009 1170 2055 κεφαλάς
1185 2008 1370 2046 ἀποτῖλαι·

173 2119 265 2165 Lys.
299 2117 467 2153 Primum
503 2115 729 2164 oportebat,
767 2121 965 2163 tamquam
1005 2127 1026 2150 e
1063 2113 1201 2150 vellere
1237 2110 1288 2150 in⁴
1312 2113 1450 2151 balneo

173 2192 303 2228 sordes
344 2202 394 2226 ex
436 2190 529 2226 urbe
564 2190 689 2228 eluere
725 2190 762 2225 in
799 2189 920 2233 lecto,
963 2181 1214 2236 hominesque
1253 2189 1450 2236 improbos

172 2267 288 2314 virgis
325 2264 515 2313 expellere
552 2270 775 2312 stercusque
811 2263 919 2300 lanae
956 2262 1154 2300 inhaerens
1182 2263 1385 2312 decerpere
1411 2270 1451 2301 et

173 2341 266 2377 istos
289 2340 354 2388 qui
382 2339 479 2375 inter
502 2350 542 2374 se
568 2338 775 2375 cohaerent
802 2343 841 2375 et
869 2338 1115 2385 magistratus
1143 2338 1367 2375 affectantes
1393 2351 1451 2375 se-

174 2428 214 2451 se
242 2415 421 2460 trudunt,
452 2413 681 2463 distrahere,
710 2425 919 2461 eorumque
947 2413 1073 2461 capita
1101 2412 1274 2451 avellere.
