1619 2759
765 113 811 150 61

212 224 301 259 Non
336 223 446 260 alieni
478 223 529 259 ab
565 222 638 260 hac
664 224 759 259 serie
786 230 875 261 sunt
904 225 1075 261 Nubium
1105 237 1237 261 versus
1270 233 1368 272 1357
1398 232 1437 261 et

165 300 284 345 1358,
325 311 424 347 quos
464 299 540 352 iam
581 310 696 346 supra
736 298 898 335 laudavi.
949 299 1113 346 „Filium
1154 300 1242 337 iussi
1280 307 1436 337 cantare

159 385 311 410 carmen
339 373 492 422 aliquod
519 372 760 419 Simonidis'’,
788 372 1025 422 Strepsiades
1054 381 1201 420 narrat,

265 451 282 487 ὁ
310 450 341 487 δ’
370 449 492 492 εὐθέως
517 448 673 501 ἀρχαῖον
699 449 758 487 εἶν’
787 448 927 497 ἔφασκε
953 451 993 488 τὸ
1017 449 1204 502 κιθαρίζειν

265 524 362 570 ᾄδειν
399 539 440 562 τε
467 523 592 562 πίνονθ’
620 527 743 576 ὡπερεί
767 526 908 575 κοὲχρυς
935 526 1078 572 γυναῖκ’
1106 525 1278 563 ἀλοῦσαν.

161 625 331 662 aniculae
372 631 430 662 est
473 624 617 662 hordea
659 625 837 662 molentis
885 626 1056 662 tremulis
1099 626 1214 663 labris
1253 627 1436 663 continuo

161 699 376 737 obsoletam
404 700 570 749 aliquam
599 700 829 738 cantilenam
858 713 1106 738 murmurare.

214 843 313 881 Cum
351 843 468 880 semel
504 844 541 880 in
578 843 744 881 culinam
782 844 1086 892 pervenerimus,
1127 844 1215 881 iam'
1240 845 1438 882 videamus

161 920 253 967 quid
280 919 391 956 huius
417 919 489 956 loci
517 925 654 967 caput,
683 920 877 963 caminus,
907 920 956 955 ad
985 932 1055 955 nos
1082 920 1244 957 attineat

161 994 264 1031 Nub.
294 1007 350 1030 vs.
378 994 430 1042 96
457 994 621 1042 agricola
658 992 897 1043 Strepsiades
934 994 982 1030 de
1016 994 1134 1031 domo
1172 995 1233 1032 illa
1270 995 1438 1033 Socratis

162 1075 290 1106 narrat
302 1081 310 1105 :

372 1165 512 1205 ἐνταῦθ’
538 1166 699 1204 ἒνοικοῦσ’
728 1167 870 1217 ἄνδρες,
897 1167 934 1203 ὀἳ
954 1166 1015 1203 τὸν
1033 1165 1182 1217 ,οὐρανὸν

372 1243 544 1289 λέγοντες
570 1241 811 1279 ἀναπείθουσιν
837 1243 882 1283 ὡς
909 1244 1003 1278 ἔστιν
1029 1242 1175 1288 πνιγειὶς

372 1319 499 1354 κᾶστιν
526 1319 604 1367 περὶ
629 1318 728 1363 ἡμᾶς
755 1315 875 1359 οὗτος,
905 1318 1007 1363 ἡμεῖς
1035 1315 1252 1367 δ’ἄνθροικες.

162 1454 229 1489 Ad
256 1452 356 1490 haec·
378 1452 581 1490 scholiasta
609 1458 790 1489 annotat:
816 1437 917 1499 ἡμεῖς
941 1451 972 1488 δ’
998 1451 1189 1502 ἄνθρακες,
1218 1452 1277 1488 διαὶ
1310 1453 1350 1489 τὸ
1374 1453 1437 1490 ὑπὸ

162 1530 257 1574 ἡλίου
285 1527 542 1578 θερμαίνεσθαι.
570 1529 693 1564 ταῦτα
717 1527 755 1563 δὲ
784 1529 946 1578 πρότερος
974 1526 1132 1578 Κράτης
1159 1531 1195 1565 ὲν
1223 1527 1438 1570 Πανόπταις

161 1604 324 1654 δράματι
362 1605 436 1653 περὶ
464 1602 633 1644 Ἱππῶνος
660 1601 723 1639 τοι]
749 1602 949 1649 Φιλοσόφου
977 1603 1154 1650 κωμῳδῶν
1183 1603 1293 1640 αὐτὸν
1323 1605 1437 1650 λέγει.

161 1680 267 1727 Ergo
309 1679 383 1715 hoc
415 1678 499 1714 loco
536 1690 710 1726 quoque,
750 1683 792 1714 ut
831 1690 900 1725 per
939 1683 1062 1714 totam
1104 1678 1203 1714 hanc
1248 1678 1436 1723 fabulam,

162 1759 276 1802 poeta
303 1754 404 1790 dicta
426 1766 470 1790 ac
494 1753 592 1790 facta
617 1753 778 1789 aliorum
791 1752 1109 1801 philosophorum
1124 1759 1164 1790 et
1179 1753 1437 1802 sophistarum

163 1830 226 1866 uni
267 1829 432 1875 Socrati,
474 1829 582 1866 cuius
619 1841 689 1865 nec
721 1828 956 1876 probitatem
993 1840 1064 1864 nec
1089 1828 1303 1865 doctrinam
1330 1829 1439 1866 intel-

161 1904 308 1942 lexerat
318 1934 327 1950 ,
357 1904 541 1941 obtrudit.

217 2048 295 2084 Av.
336 2059 392 2083 vs.
441 2056 541 2084 1000
579 2051 696 2094 poeta
737 2051 963 2093 geometren
1006 2046 1222 2089 Metonem,
1265 2047 1325 2082 cui
1361 2059 1437 2083 non

162 2122 274 2158 valde
301 2121 446 2157 amicus
473 2126 574 2165 erat,
603 2121 740 2157 eodem
769 2120 886 2156 modo
913 2120 1000 2156 facit
1027 2120 1237 2156 dicentem:

400 2196 533 2233 αὐτίκα
561 2195 637 2246 γοὶρ
666 2195 733 2246 ἀῆρ
762 2195 837 2233 ἐστι
865 2196 929 2241 τὴν
958 2196 1055 2231 ἰδέαν
1082 2197 1160 2236 ὅλος

399 2270 500 2308 κατὰ
528 2271 661 2317 πνιγέα
687 2270 868 2318 μάλιστα.

164 2422 205 2459 Α
232 2422 383 2459 camino
411 2421 511 2459 ultro
535 2421 777 2471 pervenimus
806 2420 855 2457 ad
883 2420 1024 2468 ignem.
