1619 2759
778 170 824 198 10

152 281 306 334 θρασέως
332 283 474 330 ἔυστοὶς
502 282 600 326 εὐθὺς
629 283 693 322 ἀπ’
724 282 844 337 ἀρχῆς
871 284 971 331 αύτῷ
999 283 1050 330 τῷ
1077 283 1352 335 καρχαρόδοντι,

152 356 192 395 οὗ
218 358 426 396 δεινόταται
453 358 523 406 μὲν
550 357 615 397 ἀπ’
644 358 848 408 ὀφθαλμῶν
875 359 1022 406 Κύννης
1049 357 1192 401 ἀκτῖνες
1219 359 1398 406 ἔλαμπον,
1435 361 1440 364 “

152 434 283 471 ἑκατὸν
319 434 359 470 δὲ
395 435 514 480 κύκλῳ
540 433 710 482 κεφαλαὶ
734 435 896 473 κολάκων
923 435 1175 483 οἰμωξομένων
1202 433 1409 481 ἐλιχμῶντο

153 510 232 560 περὶ
256 513 322 552 τὴν
348 508 530 556 κεφαλὴν,
557 508 680 557 φωνὴν
706 509 842 558 δἐἶχεν
864 510 1062 562 χαράδρας
1086 508 1222 561 ὄλεθρον
1236 510 1435 551 τετοκυίας,

153 582 278 631 φώκης
296 584 422 632 ὀσμὴν,
448 583 612 632 Λαμίας
635 585 666 622 δ’
678 588 811 636 -ὅρχεις
823 584 1018 629 ἀπλύτους,
1033 585 1191 637 πρωκτὸν
1205 584 1243 621 δὲ
1256 584 1437 631 καμήλου.

154 659 309 695 τοιοῦτον
337 659 416 695 ἰδὼν
443 659 552 709 τέρας
579 658 618 696 ού
644 658 838 703 κατέδεισ’,
867 658 954 696 ἀλλ’
985 659 1069 711 ὑπὲρ
1098 660 1198 707 ὑμῶν
1235 656 1456 716 πολεμίζωνι

154 732 328 781 ἀντεῖχεν
355 732 414 771 ἀεὶ
439 735 504 771 καὶ
528 737 599 772 τῶν
627 735 750 772 ἄλλων
778 736 900 781 νήσων.
916 734 973 784 (¹)

208 816 356 865 cf.-Eq.
386 828 441 854 vs,
478 825 562 865 137,
598 818 695 855 1018
724 829 783 866 sq.
812 816 913 855 Ach.
942 829 998 854 vs,
1030 818 1118 864 381.

596 1109 996 1148 MUSTELAE.

225 1198 392 1247 (Qmssus
420 1207 599 1244 ANTIQm
628 1207 886 1237 UTEBANTUR
914 1207 1035 1236 SICUT
1062 1206 1143 1236 Nos
1170 1198 1370 1247 FELIBUS.)

213 1343 315 1382 Ach.
331 1356 376 1381 vs
408 1352 495 1392 254.
521 1344 804 1393 Dicaeopolidis
828 1357 928 1382 uxor
946 1350 1143 1382 strenuam
1168 1343 1284 1381 filiam
1300 1344 1439 1382 rustice

159 1420 338 1466 laudans,
367 1420 479 1458 dicit:

982 1488 1028 1528 ὡς
1055 1486 1233 1537 μακάριος

376 1562 472 1602 ὅστις
499 1561 532 1597 σ’
562 1560 700 1610 ὀπύσει,
729 1559 988 1604 κάκποιήσεται
1015 1562 1145 1606 γαλᾶς

372 1636 435 1671 σοῦ
461 1635 574 1681 μηδὲν
602 1637 731 1680 ἥττους
759 1635 870 1682 βδεῖν,
900 1634 1043 1672 ἐπειδὰν
1071 1633 1183 1684 ὄρθρος
1212 1632 1245 1680 ᾖ.

214 1731 310 1767 Plut.
340 1742 395 1766 vs.
427 1730 503 1778 692
534 1743 631 1767 anus
659 1731 697 1767 in
725 1730 871 1779 temp'lo
899 1744 923 1768 a
950 1744 1061 1768 servo
1089 1725 1218 1768 'morsa

375 1827 564 1864 κατέκειτο
587 1826 619 1864 δ’
648 1827 763 1873 αὐτὴν
790 1826 995 1874 ἐντυλίξασ’
1025 1829 1163 1875 ἡσυχῆ,

375 1902 440 1940 ὑπὸ
469 1904 533 1939 τοῦ
559 1902 657 1944 δέους
684 1901 842 1951 βδέουσα
866 1903 1072 1953 δριμύτερον
1098 1905 1235 1949 γαλῆς.

217 2037 323 2073 Dum
347 2037 473 2085 puella
497 2042 616 2085 atque
638 2049 736 2074 anus
750 2037 916 2074 eundem
931 2037 1044 2073 simul
1057 2042 1271 2090 amatotjem
1286 2049 1448 2085 exspec-

165 2118 267 2157 tant,
296 2111 358 2149 illa
385 2111 533 2149 Eccles.
562 2124 618 2149 vs.
647 2121 727 2160 924
753 2112 958 2161 gloriatur:

324 2207 383 2254 ᾆδ’
411 2210 525 2246 ὁπόσα
552 2206 673 2257 βούλει
700 2211 763 2247 καὶ
788 2207 996 2260 παράκυφθ’
1026 2210 1140 2259 ὥσπερ
1163 2211 1293 2255 γαλῆ,

323 2283 434 2326 οὐδεὶς
461 2283 538 2334 γοὶρ
566 2284 612 2326 ὡς
638 2283 679 2320 σὲ
706 2284 871 2335 πρότερον
898 2284 1013 2321 εἴσεισ’
1044 2281 1125 2321 ἀντ’
1158 2282 1260 2331 ἐμοῦ.

208 2416 247 2454 (¹)
269 2418 336 2446 Hos
364 2426 466 2446 versus
495 2413 586 2456 poet'a
617 2422 723 2455 postea.
753 2418 919 2456 Vesparum
954 2417 1093 2456 parabasi
1123 2417 1256 2452 inseruit,
1285 2425 1354 2445 cum
1375 2416 1450 2445 haec

164 2471 269 2500 fabula
289 2471 397 2500 iterum
419 2475 568 2509 ageretur.
