1619 2759
807 135 858 173 80

170 257 236 294 Ex
263 258 365 294 bona
393 259 572 304 materia,
597 271 716 306 quam
745 260 940 297 Homerus
968 261 1000 297 ei
1031 260 1249 309 praebuerit
1272 273 1314 296 se
1344 261 1452 308 signa

168 344 327 370 suorum
355 332 517 370 heroum
546 332 705 371 finxisse
733 334 955 383 Aeschylus
984 335 1160 373 affirmat.

222 409 321 446 Ran.
341 406 402 446 ⁴vs.
421 409 497 461 536
523 409 662 446 chorus
686 421 839 446 servum
855 416 1041 456 astutum,
1059 412 1125 459 qui
1140 411 1275 447 callide
1289 411 1454 459 tempori

169 484 304 529 servit,
332 483 391 520 his
418 483 546 520 verbis
574 484 730 522 laudat:
759 485 840 522 Viri
868 485 1065 534 prudentis
1093 492 1151 533 est

434 559 708 605 μετακυλίνδειν
736 559 846 596 αὑτὸν
873 558 932 596 ἀεὶ

434 633 516 684 πρὸς
544 633 606 671 τὸν
634 632 673 670 εὖ
700 634 912 684 πράττοντα
942 637 1087 681 τοῖχον,

433 711 578 756 μᾶλλον
602 708 621 753 ἢ
654 710 924 760 γεγραμμένην

434 782 535 820 εἰκόν’
565 783 737 826 ἑστάναι,
753 783 901 831 λαβόνθ’
929 783 966 820 ἒν

433 860 582 905 σκῆμα·

167 944 291 987 τοῖχος
332 940 405 977 hoc
445 940 530 977 loco
571 939 760 987 significat
800 940 902 977 latus
940 941 1067 986 navis;
1106 940 1154 977 ad
1197 940 1287 977 illud
1330 941 1450 986 latus,

167 1016 272 1064 quod
288 1016 415 1052 nonin
430 1015 598 1064 periculo
613 1021 787 1052 versatur
800 1028 841 1052 se
855 1021 1078 1053 convertere
1088 1021 1242 1064 oportet
1255 1015 1450 1052 hominem
1494 1066 1499 1071 ᾗ

167 1092 397 1140 prudentem
425 1102 551 1139 neque
577 1096 776 1138 tamquam
800 1091 943 1139 pictam
969 1090 1188 1138 imaginem,
1213 1090 1451 1127 immobilem

167 1176 333 1202 manere.

220 1270 300 1306 Av.
325 1281 381 1306 vs.
413 1279 426 1305 1
439 1279 453 1305 1
466 1278 509 1315 13
534 1280 626 1304 aves
644 1280 685 1304 se
700 1269 841 1304 iudices
855 1274 1132 1305 concacaturos
1147 1280 1230 1304 esse
1245 1269 1448 1313 minantur,

167 1344 235 1380 nisi
277 1343 448 1391 praemio
488 1354 530 1378 se
569 1342 708 1390 dignos
744 1354 828 1378 esse
866 1342 1133 1387 iudicaverint,
1177 1342 1340 1390 ideoque
1382 1342 1451 1378 illis

165 1419 329 1454 suadent
354 1417 504 1454 lunulas
532 1417 602 1453 sibi
629 1416 819 1453 faciendas
841 1429 992 1462 curare,
1020 1417 1153 1465 quales
1168 1417 1277 1469 signa
1293 1423 1450 1464 gerant:

220 1493 285 1538 „2³5⁹
313 1494 353 1530 δέ
378 1494 431 1540 μὴ
458 1495 616 1543 κρίνητε,
645 1490 869 1539 χαλκεύεσθε
898 1494 1087 1539 μηνίσκους
1118 1491 1238 1542 φορεῖν

218 1569 332 1618 ὥσπερ
361 1565 581 1618 ἀνδριάντες·
610 1567 655 1608 ὡς
683 1567 782 1614 ὑμῶν
811 1566 846 1608 ὃς
874 1565 920 1603 ἂν
948 1567 1001 1613 μὴ
1032 1567 1115 1614 μῆν’
1146 1568 1240 1614 ἔχη,

218 1645 307 1680 ὅταν
335 1645 450 1689 ἔχητε
474 1642 637 1689 χλανίδα
665 1643 813 1687 λευκὴν,
842 1643 927 1678 τότε
955 1640 1104 1687 μάλισθ’
1135 1643 1225 1679 οὕτω
1253 1643 1348 1687 δίκην

218 1715 337 1754 δώσεθ’
366 1717 470 1762 ἡμῖν,
500 1717 587 1752 πᾶσι
614 1718 688 1756 τοῖς
715 1717 816 1765 ὄρνισι
843 1716 1146 1762 κατατιλώμενοι.

165 1792 369 1828 scholiasta
409 1797 570 1827 annotat
617 1790 732 1826 haec:
784 1792 991 1835 μηνίσκουςε
1044 1790 1315 1837 σκεπάσματα,
1360 1792 1450 1841 ἅπερ

166 1865 357 1903 ἐπιτιθέασι
381 1869 462 1907 ταῖς
485 1864 671 1911 κεφαλαῖς
694 1867 764 1901 τῶν
788 1862 1006 1914 ἀνδριάντων
1030 1864 1093 1901 δια·
1112 1865 1153 1902 τὸ
1181 1866 1234 1912 μη
1249 1864 1450 1903 ἀποπατεῖν

165 1942 250 1978 κατ’
284 1940 416 1977 αὐτῶν.

695 2051 920 2058 ——..-.

200 2171 585 2210 METAPHORAE
615 2171 982 2208 DEPROMPTAE
1012 2171 1086 2209 EX
1114 2171 1317 2209 STADIO
1345 2173 1416 2209 ET

625 2237 987 2275 HIPPODROMO.

218 2362 335 2408 Vesp.
376 2363 433 2396 vs'.
464 2360 538 2406 548
576 2371 696 2395 senex
733 2364 855 2396 semet
883 2359 1008 2407 ipsum
1048 2371 1092 2395 ac
1128 2358 1294 2405 collegas
1321 2358 1448 2395 defen-

165 2449 297 2481 surus,
326 2435 539 2472 orationem
569 2446 678 2471 suam
708 2434 760 2471 ita
789 2434 939 2482 incipit:
