1619 2759
777 145 827 183 54

164 260 275 308 primi
303 260 444 297 acerbo
471 266 601 298 vestro
628 261 715 298 allio
742 260 854 298 deam
883 261 1056 298 unxistis.

215 336 302 374 Pac.
329 349 386 373 vs,
403 338 479 383 258
502 337 720 385 Trygaeus,
747 350 845 393 cum·
862 350 994 375 servus
1018 337 1237 386 Kydoimos
1251 349 1275 373 a
1289 337 1447 373 domino

161 410 319 447 Polemo
348 410 448 447 male
475 411 685 457 mulcetur,
716 417 852 460 rogat:

322 485 401 533 μῶν
428 485 499 523 τῶν
525 487 694 537 σκορόδων
723 486 896 535 ἐνέβαλεν
925 486 960 529 ἐς
988 488 1049 524 τὸν
1079 487 1243 525 κόνδυλον
1252 500 1263 531 ;

215 582 316 620 Cum
344 582 439 628 allii,
477 583 584 632 quod
611 596 634 620 a
663 584 844 632 gentibus
873 584 1093 632 regionum,
1134 597 1233 633 quae
1261 584 1310 621 ad
1338 585 1448 620 meri-

129 658 264 705 xdiem
305 663 502 706 spectant,
543 658 655 695 valde
696 664 869 704 amatur,
921 659 1032 695 nobis
1072 665 1204 696 autem
1246 660 1448 696 Germanis

164 744 288 780 aeque
323 738 383 769 est
417 732 581 769 invisum
617 715 664 769 ac
700 732 864 769 Horatio
892 737 1052 781 poetae,
1083 733 1158 769 iam
1187 734 1280 770 satis
1306 732 1449 770 habea-

165 817 269 851 mus,
301 811 542 842 transeamus
569 806 619 843 ad
646 805 719 843 alia
746 806 919 854 opsonia.

217 894 320 932 Ach.
357 907 413 932 vs.
442 895 519 942 638
557 908 580 931 a
617 895 735 932 choro
764 896 814 932 ad
841 901 1079 944 spectatores
1107 897 1262 933 dicitur:
1293 896 1333 934 Si
1361 898 1448 945 quis

163 975 280 1008 antea
307 968 540 1017 ἰοστεφάνους
567 982 638 1007 vos
666 969 898 1019 appellaret,

165 1044 262 1087 εὐθυς
286 1043 346 1082 διοὶ
373 1045 456 1087 τούς
482 1043 686 1092 στεφάνους
714 1044 768 1082 ἐπ’
798 1047 913 1096 άκρων
940 1045 1010 1083 τῶν
1037 1047 1206 1092 πυγιδίων
1222 1045 1401 1092 ἐκάθησθε.

164 1121 198 1156 εἰ
221 1121 261 1156 δέ
287 1133 340 1162 τις
369 1121 468 1167 ὑμᾶς
495 1119 741 1161 ὑποθωπεύσας
769 1120 925 1171 λιπαροὶς
953 1121 1137 1158 καλέσειεν
1163 1120 1343 1164 Ἀθήνας,

164 1195 288 1245 ηὕρετο
316 1196 389 1231 πᾶν
415 1194 461 1231 ὀὲν
488 1193 548 1231 διοὶ
578 1193 647 1236 τοὶς
675 1194 851 1244 λιπαράς,
881 1193 1010 1242 ἀφύων
1039 1195 1148 1242 τιμὴν
1176 1194 1369 1246 περιάψας.

218 1285 373 1323 Festive
397 1290 514 1334 poeta
535 1284 694 1333 pulchra
718 1284 901 1334 epitheta,
927 1297 1027 1333 quae
1050 1285 1101 1322 ab
1115 1286 1281 1334 antiquis
1295 1286 1448 1323 vatibus

166 1361 249 1398 urbi
292 1359 590 1397 Atheniensium
631 1365 740 1397 erant
780 1360 891 1407 data,
931 1359 1007 1397 hoc
1049 1360 1134 1398 loco
1175 1361 1212 1397 in
1249 1360 1448 1397 ridiculum

163 1437 382 1483 detorquet,
411 1435 541 1472 iocans
575 1435 675 1471 enim
698 1434 896 1472 contendit
919 1433 1117 1482 epitheton
1155 1433 1305 1471 nitidus
1327 1447 1449 1483 apuas

164 1510 288 1557 magis
327 1509 462 1545 decere
487 1520 605 1556 quam
635 1508 790 1554 urbem3
829 1513 1023 1553 attamen,
1053 1508 1194 1555 inquit,
1225 1508 1358 1555 pingui
1385 1507 1447 1543 illo

163 1585 352 1622 adiectivo
375 1584 505 1620 omnia
527 1596 551 1620 a
574 1583 685 1620 vobis
701 1583 894 1631 impetrari
909 1588 1131 1631 potuerunt.
1157 1583 1225 1620 Vs.
1240 1582 1316 1630 638
1332 1588 1448 1631 poeta

163 1659 315 1696 solitam
344 1658 600 1695 locutionem:
631 1656 684 1694 ἐπ’
715 1659 830 1707 οἷέκρων
854 1659 925 1693 τῶν
948 1657 1135 1693 δακτύλων
1158 1654 1333 1704 βαδίζειν,
1349 1669 1449 1704 quae

163 1735 266 1772 idem
302 1734 378 1771 sere
418 1733 522 1770 valet
557 1745 603 1770 ac
640 1739 834 1770 nostrum:
877 1744 942 1769 een
982 1732 1096 1779 lzooge
1131 1731 1236 1768 borst
1269 1737 1446 1778 opaeum,

163 1810 308 1847 comice
337 1809 502 1846 mutavit
530 1808 588 1844 in:
619 1806 673 1844 ἐπ’
704 1808 820 1858 ὁὶκρων
844 1809 915 1844 τῶν
943 1807 1113 1853 πυγιδίων
1139 1804 1323 1849 καθῆσθαι.

218 1945 281 1981 Fr.
310 1954 363 1992 49
389 1943 489 1980 hanc
517 1943 684 1991 lepidam
713 1943 1043 1991 comparationem
1071 1943 1262 1979 continet:

326 2018 565 2067 Ἀνέχασκον
592 2017 639 2060 εἷς
667 2017 818 2059 ἕκαστος
847 2016 1113 2068 ἐμφερέστατα

323 2094 548 2146 ὀπτωμέναις
575 2095 773 2139 κόγχαισιν
806 2091 863 2128 ἐπὶ
890 2091 961 2128 τῶν
990 2090 1184 2141 ἀνθράκων.

165 2178 441 2226 Unusquisque
478 2177 612 2214 hiabat
647 2181 848 2223 tamquam
881 2180 1008 2212 ostrea
1036 2180 1189 2223 aperta,
1219 2187 1319 2223 quae
1345 2174 1448 2211 lenta

162 2265 287 2302 pruna
319 2257 549 2300 coquuntur.

216 2366 456 2404 Pithetaerus
485 2365 522 2401 in
552 2356 681 2401 fabula
708 2364 837 2400 avium
866 2363 1082 2411 explicans,
1111 2362 1289 2411 qualibus
1311 2362 1451 2399 iniuriis

167 2455 260 2481 aves
287 2441 338 2479 ab
366 2440 587 2478 hominibus
613 2439 846 2487 afficiantur,
870 2438 892 2474 i.
918 2450 952 2475 a.
976 2437 1071 2475 haec
1092 2437 1308 2475 contendit:
1334 2437 1450 2484 „Non
