1619 2759
779 150 826 188 33

222 265 369 302 Taedet
397 277 459 302 me
485 264 721 313 legatorum,
760 263 911 300 illorum
939 274 1135 311 pavonum
1149 292 1157 308 ,
1187 262 1283 298 illius
1311 261 1443 298 fastus.

222 341 470 390 Quamquam
505 340 580 388 Eq.
618 352 674 377 vs.
702 339 781 388 956
817 352 893 376 non
920 339 1247 388 comparationem
1274 339 1445 375 continet

168 417 320 464 proprie
346 416 509 464 dictam,
539 427 615 452 non
642 420 773 452 tamen
800 413 888 451 hinc
915 414 1059 451 alienus
1085 420 1155 451 est.

169 490 267 528 Cum
295 491 410 538 igitur
433 490 513 527 seni
535 490 663 527 Demo
696 490 838 527 astutia
860 489 1049 526 adulantis
1078 489 1254 526 botularii
1282 489 1445 536 decepto

168 578 394 615 persuasum
422 566 470 603 sit
498 571 541 603 ut
567 564 656 603 huic
683 578 724 602 se
751 571 879 604 totum
907 566 1044 611 tradat,
1068 571 1269 613 tamquam
1291 565 1444 612 signum

168 642 313 689 imperii
354 641 388 677 ei
431 641 588 678 anulum
623 653 737 677 suum
772 641 900 678 tradit.
938 641 1040 677 Tum
1074 640 1146 691 (vs,
1175 638 1271 690 957)
1299 652 1443 676 novum

168 716 390 764 exemplum
425 716 685 765 impudentiae
719 715 974 764 Paphlagonis
1010 716 1206 764 reperitur,
1234 727 1304 764 pro
1332 715 1445 751 Demi

167 792 268 827 enim
296 791 418 839 sigillo
446 803 560 828 suum
587 792 762 837 restituit,
794 803 952 840 nempe:

406 881 514 932 λοὶρος
540 882 700 928 κεχηνὼς
728 882 787 918 ἐπὶ
811 881 945 931 πέτροις
973 881 1196 931 δημηγορῶν.
1248 892 1252 898 ·

219 977 354 1025 Imago
389 978 447 1014 sui
482 978 621 1027 ipsius:
656 979 832 1027 Mergus,
875 979 941 1027 qui
978 990 1121 1027 magno
1149 978 1254 1016 hiatu
1282 980 1319 1016 in
1348 991 1445 1017 saxo

169 1054 426 1091 concionatur.

195 1127 269 1164 Hic
303 1139 435 1164 versus
472 1128 588 1165 etiam
615 1128 837 1176 exemplum
865 1128 1025 1176 praebet
1052 1140 1143 1164 usus
1171 1126 1444 1178 ἀπροσδοκήτου,

167 1202 272 1250 quod
298 1208 470 1240 vocatur.
497 1203 652 1240 Etenim
685 1209 774 1251 post
800 1203 962 1239 verbum
990 1204 1124 1253 πέτρας
1151 1209 1445 1251 expectaremus

166 1275 363 1323 καθήμενος
383 1277 444 1313 vel
467 1277 543 1314 tale
566 1277 719 1325 aliquid.
743 1276 820 1314 Sed
834 1283 950 1326 poeta
964 1277 1087 1325 lepide
1101 1277 1206 1314 addit
1220 1278 1444 1327 δημηγορῶν,

163 1350 217 1386 ita
254 1356 295 1387 ut
322 1351 553 1405 praecedens
579 1363 735 1399 quoque
763 1351 998 1387 vocabulum
1027 1352 1162 1401 πέτροις
1190 1351 1302 1387 aliam
1330 1352 1444 1399 signi-

164 1426 381 1463 ficationem
418 1427 649 1475 adipiscatur
680 1432 720 1463 et
752 1432 835 1463 tota
876 1427 1005 1474 imago
1047 1427 1209 1463 maiores
1236 1426 1442 1463 cachinnos

166 1506 332 1539 moveat.
361 1501 417 1539 Cf.
446 1502 565 1550 Vesp'.
594 1514 650 1538 vs.
678 1511 722 1549 31
751 1513 807 1549 sq.
833 1513 878 1537 ac
902 1500 1005 1537 Nub.
1030 1513 1087 1538 vs.
1115 1508 1201 1547 591,
1218 1500 1282 1536 ubi
1306 1500 1442 1537 eodem

165 1580 395 1627 cognomine
422 1578 529 1629 λοὶρος
555 1578 674 1617 Cleon
702 1592 725 1615 a
754 1584 870 1627 poeta
898 1578 1133 1626 designatur.

218 1654 401 1690 Miserum
428 1654 621 1691 tibicinem
649 1653 888 1702 Chaeridem,
914 1665 1032 1702 quem
1057 1653 1234 1688 novimus
1249 1651 1443 1701 exbfabula

166 1729 484 1775 Acharnensium,
514 1736 557 1767 ut
582 1742 652 1778 pro
679 1730 815 1766 merito
843 1729 973 1766 laudet
995 1728 1245 1773 Pithetaerus,
1276 1728 1354 1765 Av.
1385 1740 1442 1764 VS.

166 1805 243 1851 859
270 1816 428 1840 corvum
455 1809 570 1841 vocat
596 1804 867 1852 capistratum:

375 1909 511 1946 παῦσαι
538 1910 580 1946 σι)
611 1908 746 1956 φυσῶν.
775 1907 999 1958 Ἡράκλεις,
1030 1909 1134 1944 τουτὶ
1160 1910 1199 1943 τί
1223 1905 1283 1951 ἧν;

376 1986 478 2023 τουτὶ
503 1983 561 2032 μοὶ
590 1984 653 2021 Δί’
681 1983 755 2031 ἐγὼ
783 1982 903 2020 πολλοὶ
931 1982 972 2026 δὴ
999 1983 1063 2019 καὶ
1087 1982 1168 2019 δείν’
1198 1981 1275 2018 ἰδὼν
1334 2029 1337 2031 q

373 2061 466 2097 οὔπω
493 2058 613 2110 κόρακ’
644 2058 732 2096 εἶδον
760 2057 1130 2108 ἐμπεφορβειωμένον.

217 2196 335 2243 Vesp.
364 2206 420 2231 vs.
456 2204 529 2241 129
555 2205 579 2230 a
606 2204 717 2229 servo
745 2198 938 2229 narratur:

218 2271 373 2318 „Senex
400 2283 423 2307 a
450 2270 527 2307 filio
554 2270 593 2307 vi
619 2269 724 2306 domi
752 2269 1006 2313 retinebatur,

375 2370 393 2405 δ
419 2367 450 2404 δ’
479 2369 626 2418 ὡσπερεῒ
648 2367 778 2409 κολοιὸς
805 2365 904 2412 αὐτῷ
936 2366 1149 2407 παττάλους

378 2442 550 2493 ἐνέκρουεν
578 2442 625 2484 εἰς
652 2441 714 2479 τὸν
742 2444 878 2488 τοῖχον)
908 2439 972 2478 εἴτ’
1003 2440 1189 2486 ἐξήλλετο.
