1619 2759
781 110 827 149 53

224 215 355 262 Gallos
378 232 615 273 pugnatores
636 226 722 262 allio
737 227 907 274 instigari
922 227 1114 275 putabant
1126 228 1272 275 antiqui
1287 227 1450 275 ideoque

171 304 260 336 ante
299 301 508 337 certamina
548 299 623 338 hoc
662 300 747 337 olus
788 300 857 337 illis
898 301 1089 338 edendum
1130 301 1222 337 dare
1262 300 1449 338 solebant.

170 375 270 411 Vide
299 376 397 412 Xen.
427 375 564 424 Symp.
593 387 630 422 4.
646 387 683 423 9.
713 378 791 412 ἔνιοι
818 376 899 417 τοὺς
922 376 1164 425 ἀλεκτρυόνας
1187 377 1451 425 mapalia-ocur&

171 448 437 498 συμβάλλουσι.
465 450 540 499 Eq.
575 463 631 487 vs.
663 460 743 499 494
769 456 900 488 autem
930 450 1069 488 chorus
1096 450 1327 488 botularium
1360 463 1448 488 cum

170 524 417 572 Paphlagone
431 526 697 562 cecraxidama
719 527 987 563 dimicaturum
1010 526 1113 574 gallo
1127 526 1324 563 assimulat
1339 527 1450 573 eique

170 599 257 637 allia
281 600 360 647 dat,
384 600 533 638 dicens:

330 677 397 722 ἔχε
426 689 505 719 νυν,
535 675 746 722 ἐπέγκαψον
772 676 899 723 λαβὼν
928 677 1023 712 ταδί.
1051 677 1137 713 Bot.
1167 680 1206 712 τί
1229 678 1309 720 δαίς

171 748 285 787 Chor.
328 749 368 787 ΖΨ
398 752 563 797 ἄμεινον,
593 749 619 787 ὦ
646 753 716 788 τᾶν
741 750 1020 801 ἐσκοροδισμένος
1047 749 1172 799 μάχῃ.

171 840 338 888 agedum
371 840 516 888 degluti
555 840 629 877 hoc
665 853 830 889 quoque.
870 841 954 878 Bot.
992 841 1095 889 Quid
1135 841 1213 878 ita?
1237 841 1366 879 'chon
1410 848 1453 879 ut

172 916 319 960 fortius,
359 928 383 952 o
410 916 531 961 bone,
570 928 721 963 pugnes
749 916 836 952 allio
868 922 1013 964 pastus.
1042 916 1188 952 Versus
1225 922 1452 963 sequentes,

171 991 208 1026 in
233 990 374 1038 quibus
396 990 634 1038 comparatio
657 991 913 1035 continuatur,
943 990 1018 1026 iam
1046 1001 1162 1038 supra
1189 990 1452 1028 tractavimus.

223 1065 292 1102 Vs.
321 1065 399 1112 946
426 1065 586 1110 Demus,
613 1077 729 1112 quem
753 1065 966 1102 botularius
990 1065 1061 1102 sibi
1075 1065 1299 1110 conciliavit,
1315 1066 1451 1102 eodem

173 1139 362 1177 vocabulo
390 1140 509 1177 utitur
537 1128 826 1189 Paphlagonem
856 1140 1083 1188 obiurgans:

251 1215 293 1252 σύ
317 1214 348 1252 δ’
377 1214 403 1252 ὦ
431 1212 686 1262 Πάφλαγών,
716 1214 870 1261 φάσκων
898 1214 1018 1262 Φιλεῖν
1046 1216 1087 1262 μ’
1118 1214 1348 1266 ἐσκορόδισας.

354 1266 359 1278 ι

224 1342 322 1380 Cum
365 1342 608 1390 Dicaeopolis
651 1342 753 1379 Ach.
794 1355 850 1380 VS.
886 1342 959 1379 166
996 1342 1124 1379 allium
1155 1343 1225 1379 sibi
1251 1343 1453 1391 dereptum

171 1418 221 1454 ab
248 1417 532 1455 Odomantibus
561 1418 697 1454 acriter
724 1417 900 1465 requirit,
930 1417 1080 1465 legatus
1104 1417 1283 1465 perfidus,
1308 1419 1372 1466 qui
1387 1430 1453 1454 eos

172 1506 223 1529 ex
249 1492 414 1529 Thracia
442 1505 572 1529 secum
600 1492 779 1529 Athenas
806 1492 937 1537 duxit,
967 1492 1179 1529 exclamat:

934 1566 961 1603 ὦ
989 1565 1149 1616 μοχθηρέ
1176 1566 1238 1609 σι),

436 1642 472 1679 οὐ
506 1643 558 1689 μὴ
587 1644 703 1692 πρόσει
730 1644 900 1679 τούτοισιν
929 1641 1238 1690 ἐσκοροδισμένοις;

172 1744 196 1767 o
234 1730 426 1779 improbe,
472 1743 566 1768 cave
614 1743 662 1767 ne
698 1731 747 1767 ad
784 1730 867 1767 illos
904 1730 1083 1776 accedas,
1125 1743 1213 1768 cum
1250 1731 1337 1768 allio
1379 1732 1454 1768 sint

172 1807 284 1855 pasti.

226 1882 311 1918 Pac.
341 1894 395 1919 vs.
428 1889 501 1928 502
531 1887 647 1930 poeta
675 1882 821 1918 comica
848 1881 1029 1929 allegoria
1053 1881 1194 1918 indicat
1208 1882 1456 1929 Megarenses

172 1957 334 2004 primam
376 1955 463 1991 belli
504 1968 660 1992 causam
703 1955 936 2003 praebuisse.
981 1955 1080 1992 Cum
1123 1956 1224 1991 enim
1265 1957 1454 2003 agricolae

172 2031 285 2070 deam
325 2031 463 2066 Pacem
508 2043 558 2066 ex
595 2030 725 2077 fovea,
764 2030 801 2065 in
841 2041 959 2077 quam
988 2042 1010 2066 a
1039 2029 1195 2066 Polemo
1222 2030 1368 2067 deiecta
1396 2036 1455 2067 est

173 2104 375 2142 extrahere
415 2110 623 2146 conantur,
665 2104 876 2140 Mercurius
913 2105 1159 2151 Megarenses
1194 2104 1298 2141 hisce
1328 2105 1454 2141 verbis

173 2180 223 2216 ab
251 2191 365 2228 opere
393 2184 518 2216 arcet:

331 2254 454 2303 ἄνδρες
482 2242 693 2303 Μεγαρῆς,
722 2252 781 2289 οὐκ
811 2251 844 2293 ἐς
867 2254 1029 2302 ’κόρακας
1059 2251 1241 2302 ἑρρήσετε;

333 2331 434 2374 μισεῖ
455 2327 532 2377 γὰρ
560 2328 658 2374 ὑμᾶς
687 2329 706 2372 ἡ
735 2326 808 2368 θεὸς
835 2328 1070 2373 μεμνημένη,

334 2400 461 2452 πρῶτοι
488 2400 565 2451 γὰρ
593 2400 708 2446 αὐτὴν
734 2404 806 2442 τοῖς
834 2400 1003 2450 σκορόδοις
1028 2400 1218 2448 ἠλείψατε.
