<?xml version="1.0" encoding="UTF-8"?>
<!DOCTYPE html PUBLIC "-//W3C//DTD XHTML 1.0 Transitional//EN"
    "http://www.w3.org/TR/xhtml1/DTD/xhtml1-transitional.dtd">
<html xmlns="http://www.w3.org/1999/xhtml" xml:lang="en" lang="en">
 <head>
  <title>
</title>
<meta http-equiv="Content-Type" content="text/html;charset=utf-8" />
  <meta name='ocr-system' content='tesseract 3.04.00' />
  <meta name='ocr-capabilities' content='ocr_page ocr_carea ocr_par ocr_line ocrx_word'/>
</head>
<body>
  <div class='ocr_page' id='page_1' title='image "4737808_0085.png"; bbox 0 0 1619 2759; ppageno 0'>
   <div class='ocr_carea' id='block_1_1' title="bbox 774 114 824 151">
    <p class='ocr_par' dir='ltr' id='par_1_1' title="bbox 774 114 824 151">
     <span class='ocr_line' id='line_1_1' title="bbox 774 114 824 151; baseline 0 0"><span class='ocrx_word' id='word_1_1' title='bbox 774 114 824 151; x_wconf 83' lang='lat'><strong>68</strong></span> 
     </span>
    </p>
   </div>
   <div class='ocr_carea' id='block_1_2' title="bbox 152 237 1456 662">
    <p class='ocr_par' dir='ltr' id='par_1_2' title="bbox 172 237 1455 435">
     <span class='ocr_line' id='line_1_2' title="bbox 225 237 1453 277; baseline 0 -3"><span class='ocrx_word' id='word_1_2' title='bbox 225 237 294 274; x_wconf 87' lang='lat' dir='ltr'><strong>Ab</strong></span> <span class='ocrx_word' id='word_1_3' title='bbox 329 237 421 274; x_wconf 83' lang='lat' dir='ltr'><strong>aleis</strong></span> <span class='ocrx_word' id='word_1_4' title='bbox 458 238 550 275; x_wconf 87' lang='lat' dir='ltr'><strong>mihi</strong></span> <span class='ocrx_word' id='word_1_5' title='bbox 591 238 702 276; x_wconf 85' lang='lat' dir='ltr'><strong>liceat</strong></span> <span class='ocrx_word' id='word_1_6' title='bbox 731 240 893 277; x_wconf 85' lang='lat' dir='ltr'><strong>transire</strong></span> <span class='ocrx_word' id='word_1_7' title='bbox 921 239 970 276; x_wconf 88' lang='lat' dir='ltr'><strong>ad</strong></span> <span class='ocrx_word' id='word_1_8' title='bbox 997 239 1099 276; x_wconf 84' lang='lat' dir='ltr'><strong>aliud</strong></span> <span class='ocrx_word' id='word_1_9' title='bbox 1128 238 1453 276; x_wconf 85' lang='lat' dir='ltr'><strong>oblectamentum</strong></span> 
     </span>
     <span class='ocr_line' id='line_1_3' title="bbox 172 312 1455 363; baseline 0.001 -15"><span class='ocrx_word' id='word_1_10' title='bbox 172 312 298 349; x_wconf 87' lang='lat' dir='ltr'><strong>minus</strong></span> <span class='ocrx_word' id='word_1_11' title='bbox 325 312 592 361; x_wconf 84' lang='lat' dir='ltr'><strong>periculosum,</strong></span> <span class='ocrx_word' id='word_1_12' title='bbox 621 314 814 352; x_wconf 86' lang='lat' dir='ltr'><strong>turbinem</strong></span> <span class='ocrx_word' id='word_1_13' title='bbox 837 315 935 351; x_wconf 89' lang='lat' dir='ltr'><strong>dico.</strong></span> <span class='ocrx_word' id='word_1_14' title='bbox 965 315 1081 363; x_wconf 91' lang='lat' dir='ltr'><strong>Vesp.</strong></span> <span class='ocrx_word' id='word_1_15' title='bbox 1112 326 1167 352; x_wconf 80' lang='lat' dir='ltr'><strong>vs,</strong></span> <span class='ocrx_word' id='word_1_16' title='bbox 1189 321 1286 361; x_wconf 83' lang='lat'>1517</span> <span class='ocrx_word' id='word_1_17' title='bbox 1316 313 1455 350; x_wconf 90' lang='lat' dir='ltr'><strong>chorus</strong></span> 
     </span>
     <span class='ocr_line' id='line_1_4' title="bbox 172 386 1360 435; baseline 0.003 -13"><span class='ocrx_word' id='word_1_18' title='bbox 172 386 320 423; x_wconf 85' lang='lat' dir='ltr'><strong>Carcini</strong></span> <span class='ocrx_word' id='word_1_19' title='bbox 346 387 573 435; x_wconf 86' lang='lat' dir='ltr'>pumiliones</span> <span class='ocrx_word' id='word_1_20' title='bbox 600 387 704 425; x_wconf 88' lang='lat' dir='ltr'><strong>hisce</strong></span> <span class='ocrx_word' id='word_1_21' title='bbox 731 389 858 425; x_wconf 89' lang='lat' dir='ltr'><strong>verbis</strong></span> <span class='ocrx_word' id='word_1_22' title='bbox 887 389 935 426; x_wconf 86' lang='lat' dir='ltr'><strong>ad</strong></span> <span class='ocrx_word' id='word_1_23' title='bbox 964 389 1181 427; x_wconf 78' lang='lat' dir='ltr'><strong>saltandum</strong></span> <span class='ocrx_word' id='word_1_24' title='bbox 1209 389 1360 426; x_wconf 86' lang='lat' dir='ltr'><strong>incitat:</strong></span> 
     </span>
    </p>

    <p class='ocr_par' dir='ltr' id='par_1_3' title="bbox 225 454 1361 514">
     <span class='ocr_line' id='line_1_5' title="bbox 225 454 1361 514; baseline 0.004 -17"><span class='ocrx_word' id='word_1_25' title='bbox 225 459 314 512; x_wconf 83' lang='grc' dir='ltr'><em>φέρε</em></span> <span class='ocrx_word' id='word_1_26' title='bbox 342 476 401 498; x_wconf 87' lang='grc' dir='ltr'><strong>νυν</strong></span> <span class='ocrx_word' id='word_1_27' title='bbox 430 454 533 509; x_wconf 62' lang='grc' dir='ltr'><em>ἡμεῖς</em></span> <span class='ocrx_word' id='word_1_28' title='bbox 564 461 686 504; x_wconf 72' lang='grc' dir='ltr'><em>αὐτοῖς</em></span> <span class='ocrx_word' id='word_1_29' title='bbox 714 462 837 509; x_wconf 78' lang='grc' dir='ltr'><em>ὀλίγον</em></span> <span class='ocrx_word' id='word_1_30' title='bbox 865 465 1162 514; x_wconf 69' lang='grc' dir='ltr'><em>συγχωρήσωμεν</em></span> <span class='ocrx_word' id='word_1_31' title='bbox 1190 464 1361 506; x_wconf 73' lang='grc' dir='ltr'><em>ἅπαντες,</em></span> 
     </span>
    </p>

    <p class='ocr_par' dir='ltr' id='par_1_4' title="bbox 152 533 1456 662">
     <span class='ocr_line' id='line_1_6' title="bbox 227 533 1324 587; baseline 0.005 -16"><span class='ocrx_word' id='word_1_32' title='bbox 227 535 268 571; x_wconf 70' lang='grc' dir='ltr'><strong>ἵν’</strong></span> <span class='ocrx_word' id='word_1_33' title='bbox 299 533 360 580; x_wconf 82' lang='grc' dir='ltr'><strong>ἐφ’</strong></span> <span class='ocrx_word' id='word_1_34' title='bbox 390 537 547 583; x_wconf 73' lang='grc' dir='ltr'><em>ἡσυχίας</em></span> <span class='ocrx_word' id='word_1_35' title='bbox 576 537 676 583; x_wconf 72' lang='grc' dir='ltr'><em>ἡμῶν</em></span> <span class='ocrx_word' id='word_1_36' title='bbox 706 536 848 587; x_wconf 77' lang='grc' dir='ltr'><em>πρόσθεν</em></span> <span class='ocrx_word' id='word_1_37' title='bbox 875 537 1136 586; x_wconf 75' lang='grc' dir='ltr'><strong>βεμβικίζωσιν</strong></span> <span class='ocrx_word' id='word_1_38' title='bbox 1163 539 1324 580; x_wconf 76' lang='grc' dir='ltr'><em>ἑαυτούς.</em></span> 
     </span>
     <span class='ocr_line' id='line_1_7' title="bbox 152 610 1456 662; baseline 0.002 -16"><span class='ocrx_word' id='word_1_39' title='bbox 152 610 380 658; x_wconf 82' lang='lat' dir='ltr'><strong>&#39;Agedum‚</strong></span> <span class='ocrx_word' id='word_1_40' title='bbox 418 623 552 648; x_wconf 87' lang='lat' dir='ltr'><strong>omnes</strong></span> <span class='ocrx_word' id='word_1_41' title='bbox 590 611 659 648; x_wconf 89' lang='lat' dir='ltr'><strong>illis</strong></span> <span class='ocrx_word' id='word_1_42' title='bbox 695 612 892 660; x_wconf 88' lang='lat' dir='ltr'><strong>paululum</strong></span> <span class='ocrx_word' id='word_1_43' title='bbox 922 613 1128 662; x_wconf 86' lang='lat' dir='ltr'><strong>cedamus,</strong></span> <span class='ocrx_word' id='word_1_44' title='bbox 1157 620 1200 651; x_wconf 86' lang='lat' dir='ltr'><strong>ut</strong></span> <span class='ocrx_word' id='word_1_45' title='bbox 1226 614 1341 650; x_wconf 91' lang='lat' dir='ltr'><strong>libere</strong></span> <span class='ocrx_word' id='word_1_46' title='bbox 1366 618 1456 651; x_wconf 85' lang='lat' dir='ltr'><strong>ante</strong></span> 
     </span>
    </p>
   </div>
   <div class='ocr_carea' id='block_1_3' title="bbox 175 686 897 731">
    <p class='ocr_par' dir='ltr' id='par_1_5' title="bbox 175 686 897 731">
     <span class='ocr_line' id='line_1_8' title="bbox 175 686 897 731; baseline 0.003 -9"><span class='ocrx_word' id='word_1_47' title='bbox 175 698 246 722; x_wconf 88' lang='lat' dir='ltr'><strong>nos</strong></span> <span class='ocrx_word' id='word_1_48' title='bbox 274 698 315 722; x_wconf 91' lang='lat' dir='ltr'><strong>se</strong></span> <span class='ocrx_word' id='word_1_49' title='bbox 342 692 514 731; x_wconf 84' lang='lat' dir='ltr'>versent,</span> <span class='ocrx_word' id='word_1_50' title='bbox 537 686 741 723; x_wconf 67' lang='lat' dir='ltr'><strong>&#39;turbinum</strong></span> <span class='ocrx_word' id='word_1_51' title='bbox 767 687 897 724; x_wconf 82' lang='lat' dir='ltr'><strong>instar.</strong></span> 
     </span>
    </p>
   </div>
   <div class='ocr_carea' id='block_1_4' title="bbox 176 814 1458 1013">
    <p class='ocr_par' dir='ltr' id='par_1_6' title="bbox 176 814 1458 1013">
     <span class='ocr_line' id='line_1_9' title="bbox 228 814 1284 864; baseline 0.002 -12"><span class='ocrx_word' id='word_1_52' title='bbox 228 815 307 852; x_wconf 90' lang='lat' dir='ltr'><strong>Av.</strong></span> <span class='ocrx_word' id='word_1_53' title='bbox 338 827 394 852; x_wconf 77' lang='lat' dir='ltr'><strong>vs,</strong></span> <span class='ocrx_word' id='word_1_54' title='bbox 428 814 521 862; x_wconf 91' lang='lat'>1461</span> <span class='ocrx_word' id='word_1_55' title='bbox 554 814 797 863; x_wconf 79' lang='lat' dir='ltr'><strong>sycophanta</strong></span> <span class='ocrx_word' id='word_1_56' title='bbox 824 815 873 852; x_wconf 93' lang='lat' dir='ltr'><strong>de</strong></span> <span class='ocrx_word' id='word_1_57' title='bbox 901 827 942 852; x_wconf 89' lang='lat' dir='ltr'><strong>se</strong></span> <span class='ocrx_word' id='word_1_58' title='bbox 970 816 1055 864; x_wconf 88' lang='lat' dir='ltr'><strong>ipso</strong></span> <span class='ocrx_word' id='word_1_59' title='bbox 1085 822 1284 854; x_wconf 83' lang='lat' dir='ltr'>autumat:</span> 
     </span>
     <span class='ocr_line' id='line_1_10' title="bbox 494 888 1100 939; baseline 0.003 -15"><span class='ocrx_word' id='word_1_60' title='bbox 494 888 674 936; x_wconf 83' lang='grc' dir='ltr'><em>βέμβικος</em></span> <span class='ocrx_word' id='word_1_61' title='bbox 701 889 798 925; x_wconf 71' lang='grc' dir='ltr'><em>οὐδὲν</em></span> <span class='ocrx_word' id='word_1_62' title='bbox 827 888 1010 939; x_wconf 74' lang='grc' dir='ltr'><em>διαφέρειν</em></span> <span class='ocrx_word' id='word_1_63' title='bbox 1037 890 1100 926; x_wconf 78' lang='grc' dir='ltr'><em>δεῖ.</em></span> 
     </span>
     <span class='ocr_line' id='line_1_11' title="bbox 176 963 1458 1013; baseline 0.001 -13"><span class='ocrx_word' id='word_1_64' title='bbox 176 964 273 1001; x_wconf 88' lang='lat' dir='ltr'><strong>sicut</strong></span> <span class='ocrx_word' id='word_1_65' title='bbox 309 963 425 1001; x_wconf 89' lang='lat' dir='ltr'><strong>turbo</strong></span> <span class='ocrx_word' id='word_1_66' title='bbox 453 969 496 1001; x_wconf 91' lang='lat' dir='ltr'><strong>ut</strong></span> <span class='ocrx_word' id='word_1_67' title='bbox 523 963 560 1000; x_wconf 91' lang='lat' dir='ltr'><strong>in</strong></span> <span class='ocrx_word' id='word_1_68' title='bbox 596 975 731 1001; x_wconf 89' lang='lat' dir='ltr'><strong>omnes</strong></span> <span class='ocrx_word' id='word_1_69' title='bbox 762 970 891 1012; x_wconf 85' lang='lat' dir='ltr'><strong>partes</strong></span> <span class='ocrx_word' id='word_1_70' title='bbox 929 977 991 1001; x_wconf 92' lang='lat' dir='ltr'><strong>me</strong></span> <span class='ocrx_word' id='word_1_71' title='bbox 1018 970 1166 1002; x_wconf 87' lang='lat' dir='ltr'><strong>vertere</strong></span> <span class='ocrx_word' id='word_1_72' title='bbox 1194 966 1338 1013; x_wconf 87' lang='lat' dir='ltr'><strong>possim</strong></span> <span class='ocrx_word' id='word_1_73' title='bbox 1367 964 1458 1001; x_wconf 89' lang='lat' dir='ltr'><strong>mihi</strong></span> 
     </span>
    </p>
   </div>
   <div class='ocr_carea' id='block_1_5' title="bbox 180 1039 490 1075">
    <p class='ocr_par' dir='ltr' id='par_1_7' title="bbox 180 1039 490 1075">
     <span class='ocr_line' id='line_1_12' title="bbox 180 1039 490 1075; baseline 0 0"><span class='ocrx_word' id='word_1_74' title='bbox 180 1039 392 1075; x_wconf 85' lang='lat' dir='ltr'><strong>curandum</strong></span> <span class='ocrx_word' id='word_1_75' title='bbox 420 1044 490 1075; x_wconf 88' lang='lat' dir='ltr'><strong>est.</strong></span> 
     </span>
    </p>
   </div>
   <div class='ocr_carea' id='block_1_6' title="bbox 258 1287 1378 1394">
    <p class='ocr_par' dir='ltr' id='par_1_8' title="bbox 258 1287 1378 1394">
     <span class='ocr_line' id='line_1_13' title="bbox 430 1287 1210 1326; baseline 0.003 -2"><span class='ocrx_word' id='word_1_76' title='bbox 430 1287 814 1326; x_wconf 89' lang='lat' dir='ltr'><strong>METAPHORAE</strong></span> <span class='ocrx_word' id='word_1_77' title='bbox 842 1288 1210 1326; x_wconf 90' lang='lat' dir='ltr'><strong>DEPROMPTAE</strong></span> 
     </span>
     <span class='ocr_line' id='line_1_14' title="bbox 258 1354 1378 1394; baseline 0.002 -2"><span class='ocrx_word' id='word_1_78' title='bbox 258 1355 333 1393; x_wconf 90' lang='lat' dir='ltr'><strong>EX</strong></span> <span class='ocrx_word' id='word_1_79' title='bbox 363 1354 597 1393; x_wconf 90' lang='lat' dir='ltr'>VESTITU</span> <span class='ocrx_word' id='word_1_80' title='bbox 624 1356 696 1394; x_wconf 92' lang='lat' dir='ltr'><strong>ET</strong></span> <span class='ocrx_word' id='word_1_81' title='bbox 723 1355 982 1394; x_wconf 90' lang='lat' dir='ltr'>CORPORIS</span> <span class='ocrx_word' id='word_1_82' title='bbox 1011 1356 1378 1394; x_wconf 89' lang='lat' dir='ltr'>ORNAMENTIS.</span> 
     </span>
    </p>
   </div>
   <div class='ocr_carea' id='block_1_7' title="bbox 178 1469 1515 2044">
    <p class='ocr_par' dir='ltr' id='par_1_9' title="bbox 178 1469 1515 2044">
     <span class='ocr_line' id='line_1_15' title="bbox 234 1469 1460 1517; baseline 0 -12"><span class='ocrx_word' id='word_1_83' title='bbox 234 1469 312 1505; x_wconf 85' lang='lat' dir='ltr'><strong>Av.</strong></span> <span class='ocrx_word' id='word_1_84' title='bbox 342 1481 398 1505; x_wconf 80' lang='lat' dir='ltr'><strong>VS.</strong></span> <span class='ocrx_word' id='word_1_85' title='bbox 435 1478 505 1505; x_wconf 90' lang='lat'><strong>122</strong></span> <span class='ocrx_word' id='word_1_86' title='bbox 541 1469 619 1505; x_wconf 91' lang='lat' dir='ltr'><strong>duo</strong></span> <span class='ocrx_word' id='word_1_87' title='bbox 648 1470 866 1517; x_wconf 83' lang='lat' dir='ltr'><strong>terricolae,</strong></span> <span class='ocrx_word' id='word_1_88' title='bbox 905 1469 1143 1506; x_wconf 88' lang='lat' dir='ltr'><strong>Pithetaerus</strong></span> <span class='ocrx_word' id='word_1_89' title='bbox 1170 1475 1209 1506; x_wconf 88' lang='lat' dir='ltr'><strong>et</strong></span> <span class='ocrx_word' id='word_1_90' title='bbox 1237 1469 1460 1517; x_wconf 83' lang='lat' dir='ltr'><strong>Euelpides,</strong></span> 
     </span>
     <span class='ocr_line' id='line_1_16' title="bbox 179 1542 1461 1593; baseline 0.002 -14"><span class='ocrx_word' id='word_1_91' title='bbox 179 1542 282 1580; x_wconf 85' lang='lat' dir='ltr'><strong>hisce</strong></span> <span class='ocrx_word' id='word_1_92' title='bbox 304 1543 431 1580; x_wconf 90' lang='lat' dir='ltr'><strong>verbis</strong></span> <span class='ocrx_word' id='word_1_93' title='bbox 446 1543 574 1580; x_wconf 86' lang='lat' dir='ltr'><strong>avium</strong></span> <span class='ocrx_word' id='word_1_94' title='bbox 591 1544 670 1592; x_wconf 89' lang='lat' dir='ltr'><strong>regi</strong></span> <span class='ocrx_word' id='word_1_95' title='bbox 686 1545 800 1593; x_wconf 88' lang='lat' dir='ltr'><strong>epopi</strong></span> <span class='ocrx_word' id='word_1_96' title='bbox 815 1544 1009 1593; x_wconf 59' lang='lat' dir='ltr'><strong>eXplicant</strong></span> <span class='ocrx_word' id='word_1_97' title='bbox 1023 1556 1090 1582; x_wconf 92' lang='lat' dir='ltr'><strong>cur</strong></span> <span class='ocrx_word' id='word_1_98' title='bbox 1102 1545 1151 1582; x_wconf 90' lang='lat' dir='ltr'><strong>ad</strong></span> <span class='ocrx_word' id='word_1_99' title='bbox 1167 1557 1254 1582; x_wconf 89' lang='lat' dir='ltr'><strong>eum</strong></span> <span class='ocrx_word' id='word_1_100' title='bbox 1270 1545 1461 1582; x_wconf 87' lang='lat' dir='ltr'><strong>venerint:</strong></span> 
     </span>
     <span class='ocr_line' id='line_1_17' title="bbox 498 1617 1214 1669; baseline 0.003 -16"><span class='ocrx_word' id='word_1_101' title='bbox 498 1619 600 1654; x_wconf 67' lang='lat' dir='ltr'><strong>ffaes&#39;ra</strong></span> <span class='ocrx_word' id='word_1_102' title='bbox 629 1620 674 1655; x_wconf 81' lang='grc' dir='ltr'><em>νὼ</em></span> <span class='ocrx_word' id='word_1_103' title='bbox 702 1619 784 1669; x_wconf 79' lang='grc' dir='ltr'><em>πρὸς</em></span> <span class='ocrx_word' id='word_1_104' title='bbox 812 1619 851 1655; x_wconf 79' lang='grc' dir='ltr'><strong>σὲ</strong></span> <span class='ocrx_word' id='word_1_105' title='bbox 880 1619 970 1669; x_wconf 78' lang='grc' dir='ltr'><em>δεῦρ’</em></span> <span class='ocrx_word' id='word_1_106' title='bbox 995 1617 1214 1666; x_wconf 80' lang='grc' dir='ltr'><em>ἀφίγμεθα,</em></span> 
     </span>
     <span class='ocr_line' id='line_1_18' title="bbox 340 1691 1092 1744; baseline 0.004 -17"><span class='ocrx_word' id='word_1_107' title='bbox 340 1692 375 1728; x_wconf 74' lang='grc' dir='ltr'><em>εἴ</em></span> <span class='ocrx_word' id='word_1_108' title='bbox 397 1705 480 1728; x_wconf 88' lang='grc' dir='ltr'><em>τινα</em></span> <span class='ocrx_word' id='word_1_109' title='bbox 509 1693 609 1728; x_wconf 76' lang='grc' dir='ltr'><em>πόλιν</em></span> <span class='ocrx_word' id='word_1_110' title='bbox 637 1691 819 1743; x_wconf 73' lang='grc' dir='ltr'><em>φράσειας</em></span> <span class='ocrx_word' id='word_1_111' title='bbox 847 1694 931 1740; x_wconf 77' lang='grc' dir='ltr'><em>ἡμῖν</em></span> <span class='ocrx_word' id='word_1_112' title='bbox 958 1694 1092 1744; x_wconf 71' lang='grc' dir='ltr'><em>εὔερον,</em></span> 
     </span>
     <span class='ocr_line' id='line_1_19' title="bbox 339 1766 1200 1818; baseline 0.001 -14"><span class='ocrx_word' id='word_1_113' title='bbox 339 1769 453 1818; x_wconf 82' lang='grc' dir='ltr'><em>ὥσπερ</em></span> <span class='ocrx_word' id='word_1_114' title='bbox 480 1769 626 1817; x_wconf 83' lang='grc' dir='ltr'><em>σισύραν</em></span> <span class='ocrx_word' id='word_1_115' title='bbox 656 1766 966 1814; x_wconf 75' lang='grc' dir='ltr'><em>ἐγκατακλινῆναι</em></span> <span class='ocrx_word' id='word_1_116' title='bbox 994 1767 1200 1815; x_wconf 74' lang='grc' dir='ltr'><em>μαλθακήν.</em></span> 
     </span>
     <span class='ocr_line' id='line_1_20' title="bbox 180 1842 1464 1892; baseline 0 -12"><span class='ocrx_word' id='word_1_117' title='bbox 180 1843 370 1892; x_wconf 87' lang='lat' dir='ltr'><strong>supplices</strong></span> <span class='ocrx_word' id='word_1_118' title='bbox 392 1843 441 1879; x_wconf 86' lang='lat' dir='ltr'><strong>ad</strong></span> <span class='ocrx_word' id='word_1_119' title='bbox 467 1848 506 1879; x_wconf 90' lang='lat' dir='ltr'><strong>te</strong></span> <span class='ocrx_word' id='word_1_120' title='bbox 529 1843 715 1891; x_wconf 86' lang='lat' dir='ltr'><strong>venimus,</strong></span> <span class='ocrx_word' id='word_1_121' title='bbox 741 1848 922 1891; x_wconf 86' lang='lat' dir='ltr'><strong>rogantes</strong></span> <span class='ocrx_word' id='word_1_122' title='bbox 945 1854 1037 1880; x_wconf 91' lang='lat' dir='ltr'><strong>num</strong></span> <span class='ocrx_word' id='word_1_123' title='bbox 1062 1843 1172 1880; x_wconf 74' lang='lat' dir='ltr'><strong>nobis</strong></span> <span class='ocrx_word' id='word_1_124' title='bbox 1195 1842 1329 1879; x_wconf 90' lang='lat' dir='ltr'><strong>urbem</strong></span> <span class='ocrx_word' id='word_1_125' title='bbox 1343 1855 1464 1891; x_wconf 86' lang='lat' dir='ltr'><strong>quan-</strong></span> 
     </span>
     <span class='ocr_line' id='line_1_21' title="bbox 179 1919 1515 1966; baseline -0.001 -8"><span class='ocrx_word' id='word_1_126' title='bbox 179 1921 270 1958; x_wconf 87' lang='lat' dir='ltr'><strong>dam</strong></span> <span class='ocrx_word' id='word_1_127' title='bbox 312 1919 477 1956; x_wconf 85' lang='lat' dir='ltr'><strong>indicare</strong></span> <span class='ocrx_word' id='word_1_128' title='bbox 511 1919 654 1966; x_wconf 85' lang='lat' dir='ltr'><strong>possis,</strong></span> <span class='ocrx_word' id='word_1_129' title='bbox 692 1919 752 1956; x_wconf 89' lang='lat' dir='ltr'><strong>cui</strong></span> <span class='ocrx_word' id='word_1_130' title='bbox 794 1919 959 1956; x_wconf 88' lang='lat' dir='ltr'><strong>molliter</strong></span> <span class='ocrx_word' id='word_1_131' title='bbox 999 1919 1243 1963; x_wconf 87' lang='lat' dir='ltr'><strong>incubemus,</strong></span> <span class='ocrx_word' id='word_1_132' title='bbox 1287 1919 1385 1955; x_wconf 85' lang='lat' dir='ltr'><strong>sicut</strong></span> <span class='ocrx_word' id='word_1_133' title='bbox 1426 1920 1515 1957; x_wconf 59' lang='lat' dir='ltr'><strong>ins·</strong></span> 
     </span>
     <span class='ocr_line' id='line_1_22' title="bbox 178 1991 1361 2044; baseline -0.002 -13"><span class='ocrx_word' id='word_1_134' title='bbox 178 1995 445 2042; x_wconf 84' lang='lat' dir='ltr'><strong>lanuginosam</strong></span> <span class='ocrx_word' id='word_1_135' title='bbox 475 1992 629 2029; x_wconf 88' lang='lat' dir='ltr'><strong>mollem</strong></span> <span class='ocrx_word' id='word_1_136' title='bbox 656 1992 859 2030; x_wconf 86' lang='lat' dir='ltr'><strong>lacernam.</strong></span> <span class='ocrx_word' id='word_1_137' title='bbox 888 1991 962 2044; x_wconf 90' lang='lat' dir='ltr'><strong>(Cf.</strong></span> <span class='ocrx_word' id='word_1_138' title='bbox 991 1993 1110 2041; x_wconf 91' lang='lat' dir='ltr'><strong>Vesp.</strong></span> <span class='ocrx_word' id='word_1_139' title='bbox 1139 2004 1195 2029; x_wconf 91' lang='lat' dir='ltr'><strong>vs.</strong></span> <span class='ocrx_word' id='word_1_140' title='bbox 1233 1991 1361 2042; x_wconf 87' lang='lat'>1138.)</span> 
     </span>
    </p>
   </div>
   <div class='ocr_carea' id='block_1_8' title="bbox 181 2117 1465 2400">
    <p class='ocr_par' dir='ltr' id='par_1_10' title="bbox 181 2117 1465 2400">
     <span class='ocr_line' id='line_1_23' title="bbox 233 2117 1465 2168; baseline -0.002 -12"><span class='ocrx_word' id='word_1_141' title='bbox 233 2119 332 2157; x_wconf 91' lang='lat' dir='ltr'><strong>Cum</strong></span> <span class='ocrx_word' id='word_1_142' title='bbox 359 2117 547 2156; x_wconf 84' lang='lat' dir='ltr'><strong>audiverit</strong></span> <span class='ocrx_word' id='word_1_143' title='bbox 574 2118 710 2155; x_wconf 82' lang='lat' dir='ltr'><strong>urbem</strong></span> <span class='ocrx_word' id='word_1_144' title='bbox 739 2131 864 2168; x_wconf 91' lang='lat' dir='ltr'><strong>neque</strong></span> <span class='ocrx_word' id='word_1_145' title='bbox 892 2119 1001 2156; x_wconf 89' lang='lat' dir='ltr'><strong>bonis</strong></span> <span class='ocrx_word' id='word_1_146' title='bbox 1030 2130 1154 2167; x_wconf 88' lang='lat' dir='ltr'><strong>neque</strong></span> <span class='ocrx_word' id='word_1_147' title='bbox 1183 2117 1292 2155; x_wconf 86' lang='lat' dir='ltr'><strong>malis</strong></span> <span class='ocrx_word' id='word_1_148' title='bbox 1319 2117 1465 2154; x_wconf 79' lang='lat' dir='ltr'><strong>civibus</strong></span> 
     </span>
     <span class='ocr_line' id='line_1_24' title="bbox 181 2192 1211 2249; baseline -0.002 -18"><span class='ocrx_word' id='word_1_149' title='bbox 181 2194 370 2243; x_wconf 83' lang='lat' dir='ltr'><strong>gaudere,</strong></span> <span class='ocrx_word' id='word_1_150' title='bbox 399 2192 622 2249; x_wconf 78' lang='lat' dir='ltr'><strong>Aeschylus</strong></span> <span class='ocrx_word' id='word_1_151' title='bbox 652 2192 749 2230; x_wconf 78' lang='lat' dir='ltr'><strong>Rau.</strong></span> <span class='ocrx_word' id='word_1_152' title='bbox 780 2206 833 2230; x_wconf 82' lang='lat' dir='ltr'><strong>vs.</strong></span> <span class='ocrx_word' id='word_1_153' title='bbox 873 2195 969 2240; x_wconf 80' lang='lat'>1458</span> <span class='ocrx_word' id='word_1_154' title='bbox 999 2193 1211 2230; x_wconf 87' lang='lat' dir='ltr'><strong>exclamat:</strong></span> 
     </span>
     <span class='ocr_line' id='line_1_25' title="bbox 395 2266 1200 2314; baseline -0.001 -9"><span class='ocrx_word' id='word_1_155' title='bbox 395 2271 467 2310; x_wconf 78' lang='grc' dir='ltr'><strong>πῶς</strong></span> <span class='ocrx_word' id='word_1_156' title='bbox 493 2266 551 2306; x_wconf 72' lang='grc' dir='ltr'><em>οὖν</em></span> <span class='ocrx_word' id='word_1_157' title='bbox 579 2281 633 2310; x_wconf 85' lang='grc' dir='ltr'><em>τις</em></span> <span class='ocrx_word' id='word_1_158' title='bbox 661 2267 707 2305; x_wconf 70' lang='grc' dir='ltr'><em>ἂν</em></span> <span class='ocrx_word' id='word_1_159' title='bbox 736 2270 856 2306; x_wconf 83' lang='grc' dir='ltr'><em>σώσειε</em></span> <span class='ocrx_word' id='word_1_160' title='bbox 884 2270 1053 2314; x_wconf 70' lang='grc' dir='ltr'><em>τοιαύτην</em></span> <span class='ocrx_word' id='word_1_161' title='bbox 1080 2273 1200 2310; x_wconf 83' lang='grc' dir='ltr'><em>πόλιν,</em></span> 
     </span>
     <span class='ocr_line' id='line_1_26' title="bbox 394 2342 1216 2400; baseline -0.001 -21"><span class='ocrx_word' id='word_1_162' title='bbox 394 2342 414 2390; x_wconf 73' lang='grc' dir='ltr'><strong><em>ᾗ</em></strong></span> <span class='ocrx_word' id='word_1_163' title='bbox 443 2345 539 2400; x_wconf 74' lang='grc' dir='ltr'><em>μήτε</em></span> <span class='ocrx_word' id='word_1_164' title='bbox 568 2346 712 2390; x_wconf 82' lang='grc' dir='ltr'><em>χλαῖνα</em></span> <span class='ocrx_word' id='word_1_165' title='bbox 740 2344 836 2390; x_wconf 68' lang='grc' dir='ltr'><em>μήτε</em></span> <span class='ocrx_word' id='word_1_166' title='bbox 864 2345 988 2394; x_wconf 85' lang='grc' dir='ltr'><em>σισύρα</em></span> <span class='ocrx_word' id='word_1_167' title='bbox 1018 2342 1216 2393; x_wconf 82' lang='grc' dir='ltr'><em>συμφέρει;</em></span> 
     </span>
    </p>
   </div>
   <div class='ocr_carea' id='block_1_9' title="bbox 182 2418 962 2468">
    <p class='ocr_par' dir='ltr' id='par_1_11' title="bbox 182 2418 962 2468">
     <span class='ocr_line' id='line_1_27' title="bbox 182 2418 962 2468; baseline 0.001 -13"><span class='ocrx_word' id='word_1_168' title='bbox 182 2419 243 2456; x_wconf 87' lang='lat' dir='ltr'><strong>cui</strong></span> <span class='ocrx_word' id='word_1_169' title='bbox 269 2431 339 2455; x_wconf 90' lang='lat' dir='ltr'><strong>nec</strong></span> <span class='ocrx_word' id='word_1_170' title='bbox 366 2418 475 2456; x_wconf 84' lang='lat' dir='ltr'><strong>laena</strong></span> <span class='ocrx_word' id='word_1_171' title='bbox 504 2431 574 2456; x_wconf 90' lang='lat' dir='ltr'><strong>nec</strong></span> <span class='ocrx_word' id='word_1_172' title='bbox 601 2419 765 2468; x_wconf 83' lang='lat' dir='ltr'><strong>paenula</strong></span> <span class='ocrx_word' id='word_1_173' title='bbox 793 2420 962 2468; x_wconf 86' lang='lat' dir='ltr'><strong>expedit.</strong></span> 
     </span>
    </p>
   </div>
  </div>
 </body>
</html>
