1619 2759
782 117 854 145 100

771 232 856 270 XV.

224 335 321 372 Ibid.
369 337 440 382 158
484 336 603 372 verba
643 336 726 377 τούς
754 335 785 372 δ’
818 337 887 384 (sic
913 335 1028 385 Urh)
1056 335 1113 373 ἐπὶ
1139 339 1221 377 ταῖς
1248 334 1459 385 συμφοραῖς

170 411 270 457 ἡμᾶς
295 411 549 457 μεμνημένους
580 410 675 447 vitio
698 410 874 447 laborant
896 416 1030 458 aperto
1044 410 1150 458 quod
1165 422 1241 446 non
1256 410 1461 458 corrigitur

170 485 393 532 scribendoe
422 491 465 522 ut
493 484 613 533 vulgo
641 485 701 521 edi
727 484 844 529 solet,
873 485 944 520 τῶν
972 483 1011 519 δὲ
1039 497 1072 520 κ.
1101 497 1136 520 τ.
1156 484 1210 541 ᾙὲ..

766 595 873 630 XVI.

222 692 336 730 Isocr.
379 692 468 737 XV,
507 691 583 729 268
625 698 714 740 post
751 689 1004 738 Ἐμπεδοκλῆς
1032 690 1070 728 δέ
1098 691 1264 741 τέτταρα
1294 690 1458 727 delenda

169 773 259 803 sunt
285 767 428 802 verba:
456 768 521 802 καὶ
546 769 655 806 νεῖκος
681 767 746 801 καὶ
771 764 901 810 Φιλίαν
934 764 970 801 ἐν
999 764 1136 804 αὐτοῖς.

756 877 879 912 XVII.

225 965 319 1003 Eur.
349 965 509 1011 Medea,
537 977 593 1002 vs.
624 965 727 1013 296:

330 1043 440 1090 χωρὶς
466 1040 544 1090 γαρ
573 1041 689 1084 ἄλλης
716 1039 756 1085 ἧς
783 1042 926 1087 ἔχουσιν
953 1039 1088 1090 ἀργίας

331 1105 461 1153 φθόνον
488 1106 570 1157 πρὸς
599 1105 720 1144 ἀστῶν
748 1105 953 1153 ἀλφάνουσι
980 1107 1148 1154 δυσμενῆ.

226 1175 299 1210 Pro
328 1175 472 1220 ἔχουσιν
500 1172 636 1224 ἀργίας
664 1174 894 1221 legendum:
923 1175 1046 1220 ἕχουσ’
1076 1173 1215 1218 ἀηδίας.

740 1285 879 1322 XVIII.

225 1380 344 1418 Solon
372 1382 508 1430 Elegia
543 1392 609 1425 10,
639 1380 724 1431 (27)
757 1390 827 1428 15:

250 1457 295 1501 τῇ
323 1455 354 1491 δ’
386 1454 497 1502 ἐνάτη
526 1457 579 1492 ἔτι
607 1455 676 1502 μὲν
704 1455 876 1498 δύναται,
905 1457 1156 1506 μαλακώτερα
1184 1455 1215 1492 δ’
1244 1457 1358 1494 αὐτοῦ

327 1522 409 1572 πρὸς
438 1524 611 1569 μεγάλην
642 1520 774 1572 ἀρετ-ην
801 1524 956 1568 γλῶσσα
985 1536 1026 1559 τε
1053 1524 1117 1559 καὶ
1142 1522 1261 1569 σοφίη·

223 1594 364 1632 Iniuria
406 1595 603 1633 Buchholz
634 1595 892 1646 (Anthologie
932 1608 1002 1632 aus
1042 1596 1116 1632 den
1157 1597 1345 1644 Lyrikern
1387 1599 1455 1634 der

168 1662 367 1699 niriechen.
384 1662 458 1700 Ed.
475 1662 561 1711 IV.)
575 1674 711 1699 vocem
728 1664 978 1713 μαλακώτερα
994 1664 1158 1701 mutavit
1172 1664 1209 1699 in
1225 1665 1452 1715 μαλιώτερα.

763 1775 869 1810 ΧΙΧ.

217 1870 376 1906 Lucian.
405 1870 643 1915 Alexander,
672 1877 746 1916 45:
785 1871 804 1907 ὁ
832 1870 871 1906 δὲ
899 1870 1149 1919 Ἀλέξανδρος
1177 1868 1450 1915 ἀγανακτήσας

165 1944 223 1981 ἐπὶ
249 1948 300 1990 τῷ
330 1946 481 1992 ἐλέγχῳ
511 1946 563 1991 μὴ
592 1944 710 1995 Φέρων
737 1946 802 1981 τοῦ
829 1944 976 1986 ὀνείδους
1004 1946 1069 1990 την
1101 1943 1271 1989 ἀληθειαν
1298 1959 1332 1981 κ.
1361 1959 1396 1982 τ.
1422 1946 1452 1982 ἑ.

217 2021 291 2057 Pro
321 2021 373 2066 μη
402 2021 672 2057 scribendum:
701 2020 774 2057 κού.

710 2166 716 2170 .
762 2133 850 2168 ΧΧ.

218 2222 348 2272 Quam
388 2223 467 2259 vim
508 2222 624 2259 animi
665 2222 867 2259 vernacule
894 2234 1079 2259 vocamus
1106 2220 1371 2270 verbeelding,
1402 2234 1449 2259 ea

162 2297 200 2331 in
228 2302 345 2343 poeta
374 2297 544 2332 maxime
572 2297 786 2343 requiritur.
