1619 2759
792 129 839 174 38

413 254 538 299 ἔχουσι
565 251 642 303 γὰρ
670 254 733 290 καὶ
758 254 901 304 κέντρον
930 251 968 290 ἐκ
996 255 1059 299 τῆς
1089 250 1221 299 ὀσφύος

414 326 606 373 ὀξύτατον,
634 326 662 373 ᾧ
689 329 869 371 κεντοῦσι,
898 329 962 365 καὶ
986 329 1207 378 κεκραγότες

411 402 543 447 πηδῶσι
567 403 632 438 καὶ
657 402 857 450 βάλλουσιν
883 406 997 454 ὥσπερ
1025 401 1201 451 Φέψαλοι.

224 484 395 522 Xanthia
421 484 700 533 respondente:

406 566 459 612 μὴ
487 564 690 616 Φροντίσψς·
720 565 784 602 εὀὶν
812 567 887 612 ἐγὼ
915 565 1028 608 λίθους
1064 568 1162 613 ἔχω,

410 643 551 678 πολλῶν
577 640 755 678 δικαστῶν
781 638 942 688 σφηκιὰν
969 641 1154 678 διασκεδῶ.

225 737 417 787 Strepitus
451 738 595 787 pedum
631 737 804 784 auditur,
843 750 932 775 ecce
967 743 1156 787 apparent
1181 738 1314 786 viginti
1341 743 1451 786 quat-

171 817 260 849 tuor
286 824 416 857 senes,
453 812 504 849 ad
533 824 714 849 numeros
742 824 944 858 versuum,
972 824 1072 860 quos
1099 824 1215 849 rauca
1241 824 1337 848 voce
1364 824 1454 848 can-

169 890 274 931 tant,
326 886 599 935 tripudiantes,
652 887 771 925 torvis
815 886 965 936 rugosis
1006 885 1196 935 vultibus,
1234 885 1453 924 labantibus

172 961 308 998 macris
347 962 533 999 cruribus.
574 961 710 999 Solum
751 968 908 999 verrunt
949 962 1097 999 enormi
1142 963 1275 999 striata
1312 974 1452 1011 vespae

170 1041 280 1084 parte
307 1036 534 1085 posteriore,
564 1036 778 1085 praelongo
806 1036 940 1074 aculeo
968 1037 1152 1085 praedita.

224 1112 280 1149 Ut
314 1123 483 1159 aequum
515 1117 595 1156 est,
624 1110 832 1148 choreutae
869 1122 938 1158 per
972 1115 1095 1147 totam
1129 1110 1298 1147 fabulam
1327 1110 1453 1147 verbis

171 1192 331 1224 utuntur
364 1186 443 1224 suis
477 1186 650 1235 partibus
676 1186 789 1235 aptis.
827 1186 928 1224 Vide
955 1198 1010 1224 vs.
1039 1196 1137 1235 403,
1167 1186 1232 1223 ubi
1260 1185 1335 1224 hoc
1363 1199 1452 1224 can-

171 1263 246 1298 tico
274 1261 574 1309 Bdelycleonem
601 1261 898 1308 aggrediuntur:

278 1335 355 1372 εἰπέ
380 1348 461 1382 μοι,
491 1336 530 1372 τί
554 1334 742 1382 μέλλομεν
768 1337 872 1371 κινεῖν
900 1333 1030 1379 ἐκείνην
1058 1334 1123 1380 τὴν
1151 1336 1278 1382 χολήν,

278 1412 404 1460 ἥνπερ,
434 1409 519 1454 ἡνίκ’
550 1409 597 1445 ὀέν
623 1422 677 1450 τις
705 1409 805 1455 ἡμῶν
832 1408 956 1459 ὀργίσῃ
984 1409 1049 1454 τὴν
1077 1406 1253 1455 σφηκιάν,

278 1487 339 1522 νῦν
367 1483 496 1530 ἐκεῖνο,
525 1485 585 1520 νῦν
612 1482 741 1526 ἐκεῖνο,

279 1556 520 1605 τούξύθυμον,
548 1556 576 1603 ᾧ
602 1555 756 1605 κολαζό-

277 1631 416 1680 μεσθα,
445 1633 587 1683 κέντρον
615 1630 783 1669 ἐντέτατ’
814 1631 890 1678 ὀξύ.
905 1630 963 1682 (¹)

223 1707 334 1745 Sosia
359 1719 414 1745 vs.
443 1716 524 1754 420
552 1706 815 1744 exclamante:

226 1790 447 1841 Ἡράκλεις,
475 1791 539 1826 καὶ
563 1787 678 1839 κέντρ’
710 1791 864 1836 ἔχουσιν.
892 1789 963 1836 οὐχ
990 1791 1094 1839 ὁρᾷς,
1124 1789 1150 1826 ὦ
1177 1790 1357 1834 δέσποτα,

222 1865 457 1915 Bdelycleon
487 1864 715 1914 respondet:

253 1942 301 1984 οἷς
327 1942 369 1988 γ’
399 1939 593 1978 ἀπώλεσαν
620 1939 796 1977 Φίλιππον
823 1943 860 1976 ὲν
886 1940 962 1987 δίκῃ
990 1940 1051 1977 τὸν
1079 1939 1244 1990 Γοργίου.

207 2070 246 2109 (¹)
268 2071 347 2100 Cum
378 2077 488 2107 vespae
517 2067 578 2097 sint
606 2069 720 2097 insecta
742 2070 946 2108 ὀπισθόκεντροι,
969 2067 1073 2106 opinio
1094 2067 1215 2096 illorum
1236 2068 1376 2104 virorum,
1400 2069 1453 2107 qui

168 2129 276 2163 putant
305 2124 465 2153 choreutas
495 2132 551 2161 pro
582 2122 696 2151 aculeis
727 2121 855 2160 penibus
885 2121 1006 2150 factitiis
1035 2121 1187 2159 praeditos
1208 2130 1271 2150 esse
1292 2131 1385 2160 aeque
1407 2126 1453 2150 est

168 2178 299 2209 absurda
318 2187 353 2207 ac
372 2176 495 2207 inficeta
514 2181 545 2206 et
564 2176 697 2215 illepida.

210 2234 251 2263 Cf
286 2232 443 2270 Eupolidis
473 2236 546 2261 nota
576 2232 669 2260 verba
701 2231 740 2260 de
769 2231 893 2266 Pericle,
914 2231 1024 2269 quibus
1044 2230 1166 2268 quidem
1188 2239 1249 2259 non
1271 2239 1339 2259 cum
1361 2240 1452 2268 vespa

168 2288 222 2317 sed
242 2296 311 2316 cum
333 2295 389 2324 ape
409 2289 618 2324 comparatur:

766 2329 845 2362 μόνος
868 2331 919 2355 τῶν
937 2326 1060 2365 ῥητόρων

484 2381 515 2410 τὸ
536 2383 643 2419 κέντρον
663 2381 836 2416 kynadium
857 2383 914 2412 τοῖς
936 2382 1127 2419 ἀκροωμένοις.

212 2434 288 2464 Plat.
310 2434 423 2464 Phaed.
443 2440 491 2470 91.
513 2443 538 2464 c.
560 2436 653 2473 ὥσπερ
674 2433 793 2471 μέλιττα
814 2435 846 2463 τὸ
866 2436 973 2473 κέντρον
993 2433 1181 2471 tynam-almezio
1200 2434 1357 2471 οἰχήσομαι.
