1619 2759
774 142 826 181 79

166 258 312 295 Notum
354 264 412 295 est
454 258 607 304 choros,
658 260 748 308 quia
797 259 1007 296 cantabant
1059 259 1096 295 in
1147 258 1332 295 honorem
1384 257 1445 293 dei

165 334 347 382 Dionysi,
375 346 517 371 corona
539 335 665 371 ornari
693 335 825 372 solitos
849 347 942 372 esse.

214 462 359 498 Eceles.
398 474 452 499 vs,
491 463 581 508 634.
628 463 849 510 Praxagora
881 463 993 498 dicit:
1041 474 1158 509 quam
1198 462 1335 497 scitum
1376 462 1445 496 erit

163 548 251 573 cum
279 548 424 585 pauper
451 524 607 585 quidam
637 542 676 574 et
705 549 823 574 senex
852 542 1002 574 amator
1029 536 1239 573 secundum
1270 541 1442 572 nostrum

132 612 134 614 ’
163 611 359 647 decretum
387 611 492 647 diviti
521 612 646 647 iuveni
673 612 796 648 dicat:
825 611 915 648 mihi
944 612 1037 648 cede
1064 617 1103 648 et
1132 610 1286 661 ἐπιτήρει

251 687 339 722 ὅταν
359 686 421 730 ἥδη
447 686 516 731 ’γὼ
540 686 832 736 διαπραξάμενος
856 686 1005 736 παραδῶ
1033 698 1084 722 σοι
1105 683 1353 735 δευτεριάζειν.

162 760 334 808 opperire
366 761 458 797 dum
494 773 587 809 eg0,
625 767 780 809 peracta
808 773 848 797 re
864 791 873 806 ,
903 761 1089 810 secundas
1117 766 1245 809 partes
1273 759 1442 806 agendas

161 835 229 872 tibi
253 835 412 872 daturus
437 836 521 873 sim.

214 911 347 947 Iocans
384 910 528 947 Eccles.
566 924 622 949 vs.
660 920 752 959 739.
774 912 887 956 civis,
928 913 992 960 qui
1026 911 1298 960 supellectilem
1329 923 1439 947 suam

160 985 302 1032 colligit
326 992 368 1022 ut
390 986 439 1022 ad
462 999 590 1022 arcam
612 999 858 1023 communem
883 999 968 1023 eam
981 986 1169 1031 conferat,
1195 999 1236 1022 se
1254 998 1439 1034 pompam

159 1059 513 1096 Panathenaeorum
549 1061 732 1098 instruere
760 1061 881 1109 fingit.
910 1062 1039 1097 Molae
1066 1067 1196 1098 autem
1225 1060 1282 1096 his
1314 1061 1439 1097 verbis

159 1141 287 1182 partes
314 1136 381 1171 dat
407 1123 636 1172 citharoedi:

712 1226 755 1262 σε)
783 1225 821 1262 δὲ
848 1226 938 1276 δεῦρ’
965 1226 984 1271 ἡ
1013 1224 1198 1276 κιθαρῳδὸς
1227 1223 1331 1271 ἔξιθι,

370 1301 542 1341 πολλάκις
571 1299 814 1346 ἀναστήσασά
841 1302 883 1347 μ’
913 1302 960 1342 εἰς
990 1300 1178 1345 ἐκκλησίαν

369 1374 457 1426 ἀωρὶ
481 1377 613 1427 νύκτωρ
640 1373 700 1414 ὃιοὶ
728 1376 789 1413 τὸν
817 1374 940 1427 ὄρθριον
969 1378 1086 1423 νόμον.

159 1465 225 1501 Ad
240 1465 356 1500 risum
368 1465 601 1501 movendum
615 1465 710 1502 ludit
725 1477 820 1505 voce
835 1463 968 1515 ὄρθριος,
985 1477 1084 1513 quae
1098 1465 1233 1500 eodem
1250 1464 1325 1500 fere
1341 1476 1437 1500 sono

158 1545 215 1576 est
238 1552 282 1576 ac
305 1538 428 1590 ὄρθιος,
453 1540 515 1576 τὸν
537 1538 640 1590 ὄρθιον
662 1546 791 1577 autem
817 1543 922 1587 νόμον
946 1552 996 1576 ex
1012 1540 1198 1576 Herodoti
1215 1539 1432 1576 narratione

157 1614 205 1650 de
233 1615 379 1651 Arione
407 1616 583 1651 novimus
607 1627 754 1652 omnes.

209 1691 324 1738 Vesp.
354 1703 409 1727 vs,
443 1698 518 1738 574
545 1703 567 1727 a
595 1690 834 1727 Philocleone
862 1691 1007 1739 tropice
1033 1691 1188 1727 dicitur:

209 1767 311 1813 ἡμεῖς
338 1765 437 1813 αὐτῷ
465 1765 548 1803 τότε
578 1769 641 1812 τῆς
669 1766 777 1817 ὀργῆς
805 1766 926 1813 ὀλίγον
954 1766 1015 1803 τὸν
1042 1767 1189 1803 κόλλοπ’
1221 1764 1379 1813 ἀνεῖμεν,

156 1847 239 1878 tum
266 1842 342 1877 irae
379 1848 531 1879 nostrae
563 1842 786 1879 verticillum
817 1841 912 1892 (quo
941 1843 1048 1889 lyrae
1073 1841 1238 1878 chordae
1265 1842 1436 1878 intende-

156 1916 311 1966 bantur)
339 1916 537 1965 paululum
574 1917 607 1954 ei
635 1917 867 1954 relaxamus.

208 2051 272 2088 Ex
308 2057 390 2089 arte
429 2052 588 2100 plastica
623 2064 741 2101 quam
782 2058 922 2089 vocant
950 2057 1008 2089 est
1037 2053 1156 2100 petita
1186 2052 1433 2100 metaphora,

154 2139 230 2174 qua
267 2127 487 2175 Aeschylus
525 2128 644 2164 utitur
679 2124 784 2163 Ram
816 2139 871 2163 VS.
917 2137 1035 2172 1041:
1074 2127 1295 2172 „Homerus
1331 2128 1435 2163 insti-

154 2201 227 2237 tuit
254 2201 357 2237 viros

397 2292 547 2334 πολλοὺς
570 2291 752 2338 ἀγαθούς,
781 2291 827 2328 ὧν
854 2289 894 2336 ἦν
923 2292 986 2328 καὶ
1015 2290 1215 2338 Λάμαχος
1244 2293 1343 2341 ἥρως·

207 2365 280 2403 ὅθεν
307 2367 381 2413 ἡμὴ
409 2365 502 2417 Φρὴν
529 2365 804 2414 ἀπομαξαμένη
834 2365 971 2407 πολλαὶς
1000 2364 1135 2416 ἀρετὰς
1164 2367 1341 2410 ἐποίησεν,

206 2441 449 2492 Πατρόκλων,
480 2442 641 2492 Τεύκρων
666 2441 934 2490 θυμολεόντων,
963 2448 1035 2479 cet.
