1619 2759
775 135 825 170 26

316 240 386 290 ἶβις
416 240 642 292 Λυκούργῳ,
672 241 905 293 Χαιρεφῶντι
932 244 1108 293 νυκτερὶς,

316 316 521 367 Συρακοσίῳ
549 317 587 354 δὲ
614 320 738 355 κίττα·
768 317 932 360 Μειδίας
959 319 989 355 δ’
1024 317 1103 355 ἐκεῖ

316 392 424 443 ὄρτυξ
452 391 630 430 ἐκαλεῖτο·
658 395 722 430 καὶ
749 393 825 444 γὰρ
854 395 947 442 ᾔκειν
976 396 1101 445 ὄρτυγι

319 467 383 505 ὑπὸ
410 465 638 513 στυφοκόπου
664 469 730 514 τὴν
757 466 925 515 κεφαλὴν
951 469 1208 516 πεπληγμένῳ.

212 581 291 616 Alii
318 580 391 617 alia
417 581 467 617 de
490 580 594 617 hisce
616 580 837 617 hominibus
859 580 1073 629 perhibent.
1103 582 1214 631 Quae
1237 580 1440 618 scholiasta

156 660 320 691 annotat
349 655 491 703 partim
521 655 627 692 utilia
656 656 798 703 partim
825 656 956 704 inepta
984 662 1085 693 sunt.

210 729 407 775 Narrabo,
436 742 537 778 quae
567 728 658 767 mihi
687 729 956 767 veriSimillima
980 743 1064 767 esse
1087 731 1274 768 videntur.
1304 730 1439 778 Caupo

158 804 274 852 igitur
299 804 457 852 quidam
485 810 643 853 propter
665 805 879 853 ingressum
902 805 1025 855 πέρδιξ
1039 799 1261 842 vocabatur.
1290 805 1439 853 Menip-

158 893 231 929 pus
245 879 410 917 hirundo
424 880 694 929 appellabatur
707 880 756 917 ad
767 880 975 917 barbarum
990 880 1070 916 eius
1085 880 1244 916 modum
1258 880 1440 928 loquendi

159 955 421 992 deridendum.
451 953 568 1004 (Vide
595 967 648 992 vs.
686 955 779 992 1681
814 955 878 991 ubi
901 954 1088 991 Poseidon
1111 954 1160 991 de
1182 954 1437 991 Triballorum

158 1030 303 1068 inculto
330 1030 404 1067 deo
432 1030 522 1068 dicit
535 1042 543 1067 :

319 1127 377 1174 μοὶ
405 1128 467 1165 τὸν
491 1128 560 1164 Δί’
591 1127 662 1175 οὐχ
690 1126 791 1169 οὗτός
819 1141 866 1173 γε
896 1127 1117 1176 παραδοῦναι
1145 1126 1266 1172 λέγει,

318 1204 351 1240 εἰ
375 1204 428 1251 μὴ
457 1202 606 1252 βατίζει
628 1204 669 1250 γ’
699 1205 813 1254 ὥσῆτερ
841 1204 882 1240 αἱ
906 1199 1118 1252 χελιδόνες.)

213 1307 409 1355 Opuntius
436 1306 678 1355 sycophanta
701 1306 821 1344 altero
844 1307 956 1344 oculo
978 1309 1148 1356 privatus
1161 1313 1318 1356 propter
1332 1320 1439 1355 rapa-

161 1383 318 1419 citatem
356 1395 466 1419 suam
501 1382 714 1420 vocabatur
748 1382 876 1419 luscus
906 1394 1056 1419 corvus.
1097 1381 1281 1419 Philocles
1308 1387 1439 1420 autem

161 1459 329 1506 tragicus
353 1464 434 1495 erat
461 1463 589 1506 poeta,
619 1457 687 1493 sed
711 1469 779 1493 cur
801 1457 939 1493 alauda
962 1456 1039 1507 (vel
1061 1457 1337 1505 qualiscunque
1360 1458 1441 1493 avis

158 1533 297 1583 κορυδός
319 1532 446 1581 fuerit)
469 1545 493 1569 a
516 1533 664 1569 comico
687 1537 848 1568 vocetur
871 1532 1102 1579 ignoramus.
1135 1532 1235 1569 Avis
1256 1531 1318 1568 illa
1341 1531 1440 1568 male

157 1613 335 1644 cantasse
372 1607 542 1652 videtur,
571 1607 677 1654 quod
705 1606 847 1643 efficias
874 1618 925 1643 ex
952 1606 1175 1655 proverbio:
1207 1606 1242 1644 ἐν
1271 1605 1440 1654 ἀμούσοις

157 1682 221 1718 καὶ
267 1675 408 1731 κορυδὸς
453 1678 681 1728 φθέγγεται.
732 1680 788 1723 Ut
830 1681 911 1717 eius
952 1681 1169 1729 tragoedias
1209 1681 1441 1730 perstringat

158 1757 293 1803 igitur,
340 1761 471 1792 noster
510 1755 584 1791 hoc
619 1756 849 1802 cognomine
884 1755 1090 1792 Philoclem
1118 1756 1249 1792 donat.
1285 1743 1440 1793 Etenim

161 1830 276 1867 credo
304 1828 609 1877 Aristophanem
637 1828 819 1866 nonnulla
839 1828 977 1866 horum
999 1830 1274 1877 cognominum
1297 1842 1348 1866 ex
1370 1842 1441 1866 suo

160 1904 314 1952 ingenio
336 1904 614 1951 expromsisse,
642 1903 716 1940 alia
738 1909 869 1940 autem
883 1904 920 1939 in
935 1915 1001 1939 ore
1014 1903 1120 1951 vulgi
1133 1903 1257 1940 fuisse.
1282 1904 1442 1952 Propter

160 1979 368 2015 clamorem
392 1990 506 2015 suum
529 1978 664 2015 rabula
686 1977 914 2026 Theagenes
932 1990 1044 2015 anser
1061 1978 1208 2016 dicitur.
1235 1979 1439 2027 Lycurgus

160 2060 291 2091 autem
329 2054 382 2091 ob
422 2053 648 2102 magnificas
690 2054 958 2102 Aegyptiacas
999 2059 1126 2091 vestes
1153 2054 1225 2090 ibis
1262 2060 1442 2100 vocatur,

160 2142 205 2167 ac
245 2129 414 2167 Socratis
453 2129 661 2178 discipulus
689 2128 943 2178 Chaerephon
971 2135 1129 2178 propter
1154 2130 1231 2166 oris
1257 2128 1440 2178 pallor-'em

162 2203 392 2252 vespertilio.
420 2202 479 2255 (cf.
512 2204 589 2240 Av.
621 2215 677 2240 vs.
713 2202 845 2253 1564.)

214 2278 382 2327 Loquax
428 2277 655 2327 Syracosius
696 2279 821 2327 picam
857 2290 979 2328 prope
1022 2279 1266 2328 aequiparat,
1307 2279 1444 2316 Midias

141 2344 252 2390 ’vero
294 2353 374 2399 ille,
402 2354 469 2402 qui
504 2354 718 2391 coturnices
744 2354 897 2390 ludendi
924 2366 1040 2390 causa
1066 2354 1153 2399 alit,
1182 2355 1263 2402 ipse
1286 2355 1442 2402 quidem

162 2428 347 2467 coturnici
396 2428 526 2466 similis
575 2434 652 2475 est,
709 2429 816 2466 cuius
855 2434 972 2478 caput
1013 2428 1071 2467 ὑπ’
1114 2428 1354 2480 ὀρτυγοκόπου
1392 2429 1441 2467 sit
