1619 2759
803 133 850 169 14

563 245 591 292 ᾇ
618 247 658 284 δὲ
685 251 793 285 πῶλοι
819 249 886 285 ταὶ
910 249 1009 298 κόραι

561 321 634 373 παρ
661 322 723 360 τὸν
750 321 927 374 Εὐρώταν

561 394 799 443 ἀμπάλλοντι
827 397 943 434 πυκνοὶ
971 397 1085 434 ποδοῖν

561 469 771 517 ἀγκονίωαι.

216 568 271 605 Cf.
303 569 529 605 Autocratis
556 568 596 604 fr.
629 578 659 604 1.

704 834 913 873 ASINI.

218 964 261 999 In
287 963 413 1011 lepido
437 962 630 1010 episodio,
653 974 732 1010 quo
755 967 872 1010 poeta
891 961 1025 998 festive
1039 961 1198 998 Homeri
1213 961 1449 1009 cyclopeam

165 1039 349 1083 imitatur,
386 1050 522 1083 senex,
561 1037 658 1074 alter
694 1035 809 1082 οὖτις,
844 1037 917 1074 sub
949 1043 1083 1074 ventre
1117 1037 1211 1074 asini
1247 1036 1401 1074 latitans
1428 1047 1450 1071 e

164 1114 283 1150 domo
312 1112 481 1161 effugere
508 1113 658 1157 studet,
689 1118 730 1149 at
758 1112 856 1149 filius
884 1124 973 1149 eum
998 1112 1235 1160 conspiciens
1257 1111 1450 1148 exclamat

165 1189 285 1237 Vesp.
314 1201 371 1226 vs.
406 1189 500 1226 188:

666 1285 751 1322 ὥστ’
782 1286 862 1332 ἔμοι
888 1286 930 1331 γ’
960 1284 1171 1322 ἰνδάλλεται

485 1361 699 1407 ὁμοιότατος
726 1362 898 1410 κλητῆρος
926 1358 1014 1397 εἶναι
1042 1363 1171 1407 πωλίῳ.

165 1455 282 1498 poeta
314 1449 449 1487 festive
483 1449 580 1486 ludit
610 1449 801 1486 vocabulo
842 1451 996 1500 κλητήρ,
1038 1450 1144 1498 quod
1172 1462 1261 1487 cum
1288 1450 1447 1487 asellum

165 1531 252 1562 tum
281 1530 421 1562 testem
444 1524 646 1573 significat.

217 1600 287 1637 Vs.
324 1598 424 1646 1306
451 1611 585 1635 servus
612 1604 741 1636 narrat
768 1598 904 1635 herum
932 1611 1046 1636 suum
1074 1600 1131 1648 sui
1157 1599 1466 1637 dissimillimum·

165 1674 375 1723 derepente
411 1685 495 1710 esse
529 1674 694 1719 factum;
733 1685 823 1710 nam
859 1685 949 1711 cum
985 1674 1171 1712 hactenus
1205 1675 1377 1713 tristibus
1412 1680 1452 1711 et

167 1749 309 1786 severis
334 1753 437 1786 esset
462 1749 633 1786 moribus
660 1748 780 1786 homo
808 1749 1046 1787 truculentus
1064 1756 1104 1787 et
1127 1762 1301 1787 morosus
1324 1763 1347 1787 a
1361 1751 1452 1787 iocis

168 1823 441 1868 alienissimus,
471 1835 573 1859 nunc
600 1823 698 1860 inter
724 1823 864 1871 pocula

410 1918 572 1965 ἐνήλλετ’
603 1918 750 1970 ἐσκίρτα
778 1919 953 1970 ’πεπόρδει
979 1921 1173 1967 κατεγέλα

407 1996 523 2045 ὥσπερ
550 1995 721 2045 καχρύων
749 1993 869 2032 ὀνίδιον
896 1993 1142 2042 ηὐωχημένον.

222 2090 334 2141 Quae
371 2092 611 2141 comparatio
648 2092 728 2128 sine
761 2091 880 2128 dubio
921 2103 1085 2140 magnos
1113 2091 1318 2129 cachinnos
1345 2105 1452 2142 spec-

168 2172 341 2205 tatorum
370 2168 514 2216 movit,
544 2179 633 2204 cum
669 2167 713 2204 iis
741 2167 779 2204 in
808 2172 938 2205 mente
964 2166 1138 2206 haereret
1164 2167 1362 2217 splendida
1390 2168 1452 2206 illa

168 2241 329 2278 Homeri
356 2242 506 2290 imago:

328 2340 374 2382 ὡς
401 2339 432 2377 δ’
462 2341 522 2378 ὅτε
550 2353 605 2383 τις
632 2339 770 2383 στατὸς
799 2340 900 2383 ι”ππος
937 2345 1010 2378 cet.
1039 2339 1097 2392 (ΙΙ.
1127 2339 1194 2378 VI.
1227 2339 1330 2390 506).

222 2436 365 2474 Callide
395 2443 532 2486 poeta,
571 2450 660 2474 cum
699 2450 776 2474 non
816 2437 973 2475 heroem
1009 2438 1076 2475 sed
1113 2450 1242 2475 senem
1270 2439 1453 2476 rusticum
