1619 2759
782 112 831 152 50

168 226 384 265 Scholiasta
414 233 598 266 annotat:
629 227 856 279 ἀργέλοφοιε
882 231 946 275 τῆς
983 231 1154 277 μηλωτῆς
1190 230 1223 266 οἱ
1252 230 1366 272 πόδες.
1399 230 1450 268 τοὶ

169 303 345 354 ἄχρηστα
373 303 499 352 igitur.

221 377 341 415 Paulo
380 384 472 416 ante
511 378 683 427 collegae
725 380 826 416 senis
861 379 938 416 filio
974 380 1072 417 hanc
1099 379 1331 417 locutionem
1360 391 1450 427 sug-

168 458 389 501 gesserunt,
428 450 483 491 vs,
526 460 598 500 545
637 453 827 491 dicentes:
866 453 950 491 Nisi
986 454 1139 500 viceris,
1173 453 1451 502 appellabimur

168 527 399 575 ἀντωμοσιῶν
426 527 589 575 κελύφη,
617 528 741 566 litium
768 530 979 578 putamina.
1224 583 1226 585 Ι

221 602 290 641 Vs.
321 602 397 651 596
424 608 542 652 poeta
564 603 684 641 verbo
717 604 946 655 περιτρώγειν
975 604 1094 642 utitur
1125 604 1199 641 alio
1230 615 1356 649 sensu,
1384 603 1451 651 qui

166 678 449 726 comparandus
476 665 539 715 est
562 679 691 726 potius
717 690 806 715 cum
835 684 967 715 nostro
994 678 1113 715 verbo
1140 676 1405 714 bekm'bbelen:

168 773 278 816 αὐτὸς
305 773 336 811 δ’
364 776 384 812 0‘
411 773 545 812 Κλέων
572 777 591 812 ὁ
616 775 892 825 κεκραξιδάμας
920 778 1027 823 μόνον
1048 777 1147 823 ἡμᾶς
1161 781 1199 812 οὐ
1220 777 1450 826 περιτρώγει,

166 872 383 910 Philocleon
412 873 463 910 ibi
489 873 707 920 contendit,
736 886 837 923 quae
872 874 1041 912 laudatio
1078 886 1118 911 re
1154 886 1244 912 vera
1274 874 1450 911 nimirum

166 948 346 985 acerbam
373 949 660 989 accusationem
689 948 847 986 includit

219 1113 285 1150 Ex
311 1113 488 1150 convivio
516 1113 711 1161 potatorio
738 1119 798 1150 est
824 1113 1031 1162 desumpta
1058 1112 1306 1162 metaphora,
1331 1125 1449 1161 quam

165 1189 330 1237 legimus
357 1188 429 1237 Eq.
462 1201 518 1226 vs.
550 1189 638 1236 887.
669 1187 879 1237 Paphlago,
904 1201 927 1225 a
951 1189 1143 1226 botulario
1166 1195 1451 1237 praetervectus

166 1264 217 1301 ibi
245 1264 462 1301 exclamat:

273 1356 365 1402 οἴμοι
392 1354 535 1396 τάλας,
566 1355 644 1395 οἵοις
673 1352 891 1401 πιθηκισμοῖς
915 1368 964 1401 με
993 1356 1239 1405 περιελαύνεις.

166 1453 228 1489 cui
256 1452 352 1489 alter
381 1452 523 1488 rustico
551 1451 618 1487 sed
647 1451 784 1488 festivo
813 1452 896 1487 ioco
925 1451 1150 1499 respondet:

273 1542 354 1583 οὔκ,
383 1539 470 1577 ἀλλ’
499 1542 580 1591 ὅπερ
608 1543 712 1577 πίνων
740 1539 827 1590 ἀνὴρ
855 1540 1007 1584 πέπονθ’,
1037 1542 1126 1578 ὅταν
1149 1544 1294 1589 χεσείῃ,

273 1618 381 1652 τοῖσιν
408 1618 545 1665 τρόποις
571 1619 645 1656 τοῖς
672 1619 778 1652 σοῖσιν
806 1618 920 1665 ὥσπερ
949 1615 1152 1663 βλαυτίοισι
1173 1620 1335 1666 χρῶμαι.

167 1714 265 1750 sicut
299 1713 343 1761 ii,
385 1713 450 1762 qui
485 1725 507 1749 e
548 1713 726 1750 convivio
768 1713 817 1750 ad
854 1713 983 1750 alvum
1023 1714 1312 1751 exonerandum
1350 1714 1451 1750 festi-

167 1793 303 1824 nanter
342 1787 561 1832 discedunt,
605 1787 745 1835 raptim
783 1787 914 1824 alienis
948 1788 1059 1824 soleis
1088 1794 1267 1834 utuntur,
1296 1789 1349 1825 ita
1377 1800 1451 1835 ego

168 1862 245 1899 tuis
273 1861 447 1898 moribus
472 1866 572 1898 utor.

220 1936 355 1974 Eccles
389 1948 444 1974 vs,
476 1944 546 1983 137
573 1936 748 1973 mulieres
771 1949 794 1973 a
818 1937 1038 1985 Praxagora
1062 1943 1300 1974 convocatae
1314 1949 1450 1986 parum

166 2011 375 2049 honorifice
409 2012 458 2049 de
493 2012 581 2048 viris
618 2012 656 2049 in
691 2013 854 2050 comitiis
891 2013 1064 2061 publicas
1101 2025 1161 2050 res
1198 2013 1451 2051 tractantibus

168 2087 391 2136 perhibent:

754 2162 804 2199 τοὶ
832 2151 921 2209 γοῦν
943 2162 1187 2212 βουλεύματα

382 2235 502 2273 αὐτῶν
531 2235 583 2273 ἅτ’
612 2235 658 2272 ἂν
685 2236 864 2286 πράξωσιν
893 2235 1161 2284 ἐνθυμουμένοις

383 2316 497 2364 ὥσπερ
525 2312 725 2360 μεθυόντων
754 2312 831 2350 ἐστὶ
862 2314 1224 2364 παραπεπληγμένα.

168 2404 200 2440 si
227 2403 312 2452 quis
339 2403 493 2441 decreta
520 2415 775 2453 quaecunque
804 2404 946 2441 faciunt
973 2402 1289 2448 consideraverit,
1318 2403 1451 2439 insana
