1619 2759
781 136 828 173 27

170 237 316 277 ictum„
355 236 445 275 Sine
492 237 610 274 dubio
659 235 771 272 huius
819 235 984 273 hominis
1027 236 1181 285 stupida
1223 235 1335 272 facies
1388 235 1445 271 his

166 311 290 348 verbis
319 311 538 348 traducitur.

218 386 317 424 Cum
340 386 645 434 comparationes
672 397 723 421 ex
750 386 884 426 avium
905 387 983 423 vita
1011 386 1170 434 petitas,
1195 397 1296 433 quae
1314 397 1444 421 occur-

166 466 255 497 runt
283 460 320 496 in
347 459 475 496 fabula
502 459 648 496 Avium
662 489 671 505 ,
709 461 997 497 tractaverimus
1024 461 1099 497 iam
1127 471 1272 504 omnes,
1287 459 1446 496 transire

167 547 371 582 possumus
411 535 461 571 ad
498 534 744 582 metaphoras
780 547 831 571 ex
867 537 995 572 avium
1032 536 1111 572 vita
1138 536 1278 583 petitas
1301 535 1338 570 in
1365 534 1446 570 aliis

167 614 306 656 poetae
345 608 491 645 fabulis.
534 608 708 657 Quarum
748 609 952 657 pleraeque
989 621 1076 646 curn
1115 610 1190 646 sint
1225 609 1368 657 petitae
1395 621 1445 644 ex

167 684 246 720 vita
274 683 482 732 gallorum,
510 682 582 720 hos
610 683 753 732 primos
781 684 981 721 adibimus.

491 951 659 988 GALLI
687 951 761 988 AC
788 950 1087 988 GALLINAE.
1144 976 1146 979 ·

221 1049 285 1086 Ex
315 1049 607 1095 certaminibus,
635 1062 736 1097 quae
766 1049 1040 1094 Athenienses,
1069 1050 1167 1086 sicut
1194 1061 1294 1085 nunc
1322 1047 1447 1084 adhuc

171 1122 386 1170 complures
431 1129 567 1170 gentes
606 1123 750 1168 solent,
798 1123 1047 1159 instituebant
1087 1123 1185 1159 inter
1224 1121 1346 1169 gallos
1386 1121 1447 1157 vel

125 1214 129 1217 ·
169 1197 402 1242 coturnices,
444 1197 649 1246 desumpta
676 1203 735 1235 est
762 1196 1008 1245 metaphora,
1046 1209 1146 1245 quae
1182 1197 1345 1233 occurrit
1371 1196 1446 1245 Eq.

167 1284 213 1308 VS
251 1279 343 1319 495·

222 1346 370 1384 Chorus
397 1347 569 1395 equitum
598 1346 829 1384 botularium
859 1346 1042 1384 Cleonem
1074 1347 1111 1384 in
1140 1351 1275 1383 senatu
1290 1357 1446 1394 aggres-

169 1434 300 1458 surum
327 1422 381 1458 ita
407 1421 584 1469 instigat:

984 1490 1152 1536 μέμνησό
1176 1503 1235 1525 νυν

328 1563 478 1605 δάκνειν,
515 1562 741 1611 διαβάλλειν,
773 1563 854 1605 τούς
880 1562 1013 1610 λόφους
1040 1559 1247 1606 κατεσθίειν,

329 1638 460 1683 χῶπως
497 1635 549 1672 τοὶ
584 1635 733 1672 κάλλαί
762 1634 972 1683 ἀποφαγὼν
997 1637 1092 1683 ἥξεις
1115 1637 1236 1674 πάλιν.

222 1721 420 1756 Memento
460 1720 536 1755 iam
576 1725 619 1755 ut
656 1718 852 1764 mordeas,
882 1725 1121 1767 prosternas,
1151 1720 1283 1756 cristas
1311 1720 1445 1764 rodas,

170 1794 384 1843 palearibus
412 1793 603 1830 devoratis
629 1792 706 1830 huc
733 1792 878 1830 redeas.

568 1863 594 1885 0

223 1907 292 1943 Vs.
327 1916 426 1953 1339
453 1906 591 1950 Demo,
620 1906 685 1953 qui
712 1917 763 1945 ex
789 1906 902 1942 debili
929 1918 1020 1942 sene
1042 1918 1170 1943 rursus
1198 1908 1235 1943 in
1249 1912 1446 1943 strenuum

170 1981 347 2017 iuvenem
372 1985 544 2017 mutatus
570 1985 648 2025 est,
673 1980 827 2017 dicitur:
856 1986 970 2018 antea
993 1982 1044 2026 si,
1074 1982 1159 2029 quis
1187 1982 1254 2018 tibi
1282 1981 1447 2030 pulchris

170 2054 359 2103 aliquibus
378 2054 504 2091 verbis
527 2054 755 2100 adularetur,
781 2053 1043 2105 ἀνωρτάλιζες,
1072 2056 1321 2104 superbiebas
1349 2062 1447 2093 tam-

170 2141 288 2177 quam
326 2128 452 2177 pullus
489 2129 631 2177 gallus,
661 2131 727 2178 qui
754 2130 883 2167 volare
910 2142 1053 2167 conans
1080 2131 1148 2168 alis
1175 2133 1311 2180 strepit
1351 2133 1447 2170 Ver-

171 2203 286 2248 bum,
316 2203 421 2251 quod
448 2209 566 2251 poeta
593 2204 729 2241 deinde
755 2204 880 2242 addit:
909 2203 1152 2255 κάκερουτίας,
1182 2207 1288 2254 quod
1309 2207 1346 2243 in
1376 2220 1447 2244 usu

172 2283 231 2316 est
267 2278 315 2315 de
342 2279 479 2324 cervis,
520 2279 588 2327 qui
615 2291 757 2316 cornua
783 2292 853 2316 sua
881 2280 1044 2329 superbe
1071 2287 1231 2329 gerunt,
1268 2281 1328 2319 hic
1356 2283 1448 2320 mihi

172 2365 249 2389 non
285 2352 397 2389 valde
431 2352 576 2401 placet,
608 2354 699 2402 quia
725 2354 778 2390 sic
804 2354 904 2391 duae
931 2355 1116 2403 imagines
1143 2356 1446 2400 confunduntur,

171 2426 276 2477 quod
304 2427 408 2465 bono
435 2433 574 2477 poetae
607 2434 666 2467 est
692 2429 918 2467 cavendum.
942 2422 957 2432 ⁰
1105 2419 1109 2423 ’
