1619 2759
802 107 827 144 9

225 224 343 271 Vesp.
373 236 428 259 vs.
461 234 554 270 1241
584 235 703 260 senex
727 224 914 261 adulatori
938 217 1111 267 The0'r0‚
1136 234 1251 270 quem
1273 221 1449 257 novimus

173 310 223 334 ex
251 298 355 335 initio
382 297 494 335 huius
522 298 688 343 fabulae,
718 298 828 335 dicit:

698 401 759 438 οὐκ
787 403 882 438 ἔστιν
909 399 1140 449 ἀλωπεκίζειν

436 477 506 514 οὐδ’
537 476 771 526 ἀμφοτέροισι
797 475 987 523 γίγνεσθαι
1014 475 1133 523 φίλον.

220 583 333 619 -Alibi
367 594 522 630 quoque
559 582 692 619 dolosa
725 582 925 630 vulpecula
962 595 1077 630 saepe
1104 588 1447 625 commemoratur,

158 658 246 697 ,vid.
286 658 371 693 Pac.
410 669 465 693 VS.
510 666 609 704 1190
644 669 689 693 ac
722 657 801 693 Av.
840 669 894 693 vs,
933 665 1029 704 435,
1068 657 1131 693 ubi
1168 655 1286 692 choro
1320 656 1448 692 avium

173 732 335 779 roganti:
356 733 403 767 ἔνι
417 729 528 777 σοφόν
542 744 577 767 τι
591 729 710 781 Φρενί;
726 728 945 775 <Pithetaeri
964 731 1060 780 scil.)
1075 720 1210 779 Epops
1230 730 1448 778 respondet.

438 830 659 865 πυκνότατον
686 828 835 871 κίναδος,

436 901 602 950 σόφισμα
615 932 625 946 ,
654 905 796 953 κύρμα,
825 905 971 952 τρίμμα
984 932 992 945 ,
1023 903 1231 949 παιπάλημ’
1261 904 1352 938 ὅλον.

226 1008 280 1045 Cf.
302 1008 403 1045 Nub.
421 1020 476 1044 vs.
494 1015 570 1054 447
588 1019 633 1043 ac
646 1007 740 1055 Lys.
756 1019 811 1043 vs.
835 1015 944 1054 1270,
962 1007 1025 1043 ubi
1040 1007 1214 1044 Lacones
1228 1013 1448 1055 precantur:

439 1106 509 1140 τᾶν
537 1105 702 1150 αἱμυλᾶν
730 1102 922 1140 ἀλωπέκων
950 1103 1195 1151 παυσαίμεθα.

439 1178 465 1216 ὦ
492 1179 582 1229 δεῦρ’
613 1177 653 1215 ἰ’θι
680 1179 783 1229 δεῦρ’,
813 1177 839 1215 ὦ
868 1178 1006 1224 κυναγὲ
1035 1179 1196 1228 παρσένε.

229 1402 326 1439 Cum
363 1414 453 1437 vero
491 1402 641 1449 saepius
679 1402 754 1437 oris
782 1407 820 1437 et
847 1401 1015 1448 corporis
1042 1400 1192 1437 Cleonis
1221 1401 1449 1438 lineamenta

175 1476 277 1525 stylo
313 1476 460 1512 comico
496 1476 670 1512 duxisset
707 1474 988 1523 Aristophanes
1027 1481 1065 1511 et
1099 1475 1249 1512 vultum
1286 1475 1450 1512 hominis

174 1563 292 1599 quam
316 1551 484 1586 maxime
505 1551 575 1586 sibi
596 1547 702 1586 invisi
726 1551 828 1586 varie
847 1551 1131 1595 adumbrasset‚
1158 1550 1272 1587 unam
1288 1563 1451 1599 eamque

174 1625 444 1662 vividissimam
486 1625 691 1673 imaginem
733 1637 784 1661 ex
825 1624 883 1662 his
923 1625 1101 1662 omnibus
1141 1625 1324 1671 confecit,
1373 1640 1450 1675 qua

175 1708 310 1738 ornata
339 1707 397 1738 est
423 1701 617 1749 parabasis
645 1700 795 1737 fabulae
822 1701 939 1738 Pacis.
1045 1696 1049 1699 ⁴

229 1776 369 1814 Omnia
396 1788 496 1823 quae
523 1781 631 1812 erant
658 1775 737 1811 sive
768 1775 805 1811 in
833 1775 917 1822 ipso
943 1774 1098 1811 homine
1125 1776 1204 1811 sive
1231 1776 1268 1812 in
1296 1777 1449 1824 opificio

175 1851 255 1886 sive
296 1850 332 1885 in
374 1850 453 1885 eius
494 1849 639 1885 ratione
677 1849 729 1885 rei
773 1848 948 1897 publicae
992 1850 1271 1897 capessendae,
1320 1852 1449 1888 omnia

174 1937 273 1973 quae
314 1936 403 1961 eum
439 1929 577 1972 poetae
615 1930 746 1960 nostro
783 1924 1065 1960 infestissimum
1094 1925 1357 1970 reddiderunt,
1390 1926 1450 1963 hic

174 2005 264 2036 sunt
304 1999 461 2035 collecta
502 2011 547 2035 ac
584 1999 711 2035 luridis
752 1998 942 2035 coloribus
986 1999 1148 2047 depicta.
1193 2000 1321 2048 Fingit
1362 2013 1450 2037 eum

175 2080 396 2123 portentum
446 2074 691 2119 detestabile,
739 2074 892 2111 foedum
935 2074 1100 2122 aliquem
1141 2075 1349 2112 Cerberum
1391 2077 1452 2112 vel

174 2149 418 2197 Typhoeum.
470 2148 687 2184 Audiamus
735 2149 861 2196 ipsum
910 2147 1192 2196 coryphaeum,
1234 2161 1312 2197 quo
1353 2155 1452 2186 teste

174 2228 342 2254 comlcus

229 2319 454 2371 Ἡρακλέους
481 2319 589 2370 ὀργήν
617 2320 682 2357 τιν’
712 2321 809 2367 ἔχων
836 2324 924 2357 τοῖσι
952 2322 1141 2367 μεγίστοις
1170 2319 1356 2370 ἐπεχείρει,

229 2394 362 2442 διαβὰς
390 2394 528 2444 βυρσῶν
554 2393 672 2441 ὀσμὰς
699 2393 814 2435 δεινοὶς
842 2392 1019 2436 κάπειλὰς
1046 2393 1349 2444 βορβοροθύμους,
