1619 2759
782 145 833 181 24

219 258 318 297 Cum
345 266 435 308 post
470 260 766 309 pulcherrimam
800 262 933 311 epopis
969 263 1208 308 monodiam,
1238 275 1315 311 qua
1343 262 1444 299 cives

163 347 254 373 suos
281 341 489 382 convocat,
520 349 618 374 unus
646 350 692 375 ac
718 337 813 376 alter
839 339 920 375 avis
948 338 1122 384 advolat,
1158 344 1274 387 poeta
1300 339 1444 376 occasi-

162 423 277 447 onem
313 412 558 460 amplectitur
586 417 629 450 ut
666 413 812 462 aliquot
849 413 1024 451 homines
1060 413 1131 450 sibi
1166 414 1307 450 invisos
1349 426 1444 462 pau-

160 486 275 535 lisper
300 493 461 535 pungat.

214 563 282 600 Vs.
313 563 391 600 280
426 562 523 600 alter
558 575 680 612 epops
716 564 753 600 in
783 576 938 601 scenam
965 565 1093 613 prodit
1121 565 1188 602 sed
1216 563 1277 601 hic
1303 564 1442 613 plumis

160 639 363 687 spoliatus,
393 651 472 687 quo
500 640 583 676 viso
610 639 848 676 Pithetaerus
876 646 1007 688 rogat:

216 729 256 765 τί
279 727 320 765 τὸ
348 727 456 779 τέρας
483 729 586 765 τουτί
611 728 690 765 ποτ’
721 727 833 773 ε’στίν;
862 727 900 765 οὐ
927 728 970 765 σι)
993 730 1099 775 μόνος
1126 729 1182 780 ἄρ’
1210 726 1282 775 ἧσθ’
1309 729 1413 777 ἒποψ,

216 802 319 841 ἀλλα
347 803 480 851 χοῦτος
508 803 645 854 ἕτερος;

214 879 274 916 cui
302 879 439 928 Epops
466 878 692 926 respondet:
721 876 807 915 ἀλλ’
836 877 937 920 οὗτος
964 879 1034 925 μέν
1062 878 1138 915 ἐστι
1165 878 1379 921 Φιλοκλέους

346 953 388 1000 ἐξ
417 956 562 996 ἔποπος,
598 952 672 999 ἐγὼ
700 954 738 990 δὲ
766 955 894 990 τούτου
923 953 1092 996 πάππος,
1121 956 1235 1003 ὥσπερ
1265 955 1298 990 εἰ
1322 955 1442 999 λέγοις

346 1027 542 1070 Ἱππόνικος
569 1027 742 1065 Καλλίου
771 1027 846 1074 κάξ
875 1027 1073 1065 Ἱππονίκου
1100 1027 1293 1070 Καλλίας.

216 1103 315 1140 Pith.
344 1102 526 1144 Καλλίας
552 1089 619 1152 ἄρ*
639 1101 738 1143 οὗτος
766 1103 873 1152 οὕρνις
901 1102 1007 1139 ἐστίν·
1036 1104 1081 1144 ὡς
1108 1107 1319 1153 πτερορρυεῖ.

212 1177 286 1226 Ep.
344 1177 412 1214 ἅτε
440 1161 517 1226 γὰρ
545 1177 591 1212 ὢν
620 1179 783 1222 γενναῖος
811 1176 875 1213 ὑπὸ
900 1178 971 1213 τῶν
994 1175 1231 1223 συκοφαντῶν
1252 1179 1439 1220 τίλλεται,

344 1254 392 1288 αἴ
407 1265 448 1288 τε
482 1250 617 1297 θήλειαι
645 1253 953 1302 προσεκτίλλουσιν
983 1251 1096 1289 αὐτοῦ
1126 1251 1177 1289 τοὶ
1207 1252 1333 1302 πτεροὶ.

211 1350 336 1386 Multa
377 1349 446 1385 viri
486 1349 590 1386 docti
630 1349 924 1396 disputaverunt
960 1348 1008 1385 de
1046 1348 1166 1386 altero
1204 1349 1266 1385 illo
1302 1361 1438 1398 epope.

158 1425 345 1473 Quaestio
382 1424 472 1460 mihi
512 1424 663 1460 videtur
700 1436 777 1459 non
815 1424 912 1459 adeo
950 1424 999 1460 ad
1033 1436 1202 1472 unguem
1230 1437 1313 1460 esse
1341 1436 1439 1460 rese-

155 1499 290 1536 canda.
319 1499 455 1548 Epops
481 1497 655 1535 Philoclis
684 1498 861 1534 nimirum
887 1503 945 1535 est
968 1510 1099 1546 epops,
1126 1499 1191 1546 qui
1216 1499 1379 1536 occurrit
1401 1500 1438 1535 in

156 1574 269 1612 huius
291 1580 431 1623 poetae
450 1574 577 1611 fabula
593 1574 836 1619 Pandionide,
853 1573 991 1620 „huius
1006 1575 1141 1622 epopis
1154 1574 1289 1620 filius”,
1305 1575 1437 1623 inquit,

156 1655 242 1696 „est
255 1648 382 1695 hicce,
407 1661 482 1697 ego
506 1654 638 1686 autem
653 1649 939 1697 antiquissimus
959 1660 1044 1685 sum
1060 1661 1180 1697 epops
1195 1647 1283 1700 (nos
1298 1650 1438 1687 dicere-

156 1736 262 1761 mus:
286 1723 332 1760 de
353 1723 506 1773 oerlzop)
529 1723 688 1761 huiusce
711 1736 804 1772 ergo
828 1736 914 1760 sum
930 1723 1063 1761 avus.''
1088 1725 1218 1762 Merus
1233 1730 1292 1762 est
1305 1725 1436 1773 jocus,

156 1800 248 1838 nihil
283 1800 396 1837 aliud.

210 1875 374 1914 Occasio
412 1887 512 1912 nunc
540 1874 733 1923 pulchrior
761 1880 819 1911 est
847 1886 966 1923 quam
1006 1880 1047 1912 ut
1073 1880 1190 1923 poeta
1219 1875 1439 1924 neglegeret

156 1951 272 1988 etiam
299 1949 559 1998 Cleonymum
587 1949 773 1995 salutare,
802 1954 972 1986 veterem
1000 1949 1177 1986 amicum.
1210 1949 1308 1987 Cum
1337 1951 1436 1986 enim

155 2038 210 2062 vs.
256 2027 332 2072 287
374 2025 456 2062 avis
492 2025 566 2061 alia
593 2030 773 2073 apparet,
803 2023 1042 2061 Pithetaerus
1069 2024 1278 2061 exclamat:

313 2105 340 2143 ὦ
368 2105 558 2148 Πόσειδον,
588 2105 706 2156 ἕτερος
735 2104 783 2142 αὖ
811 2119 870 2147 τις
892 2105 1036 2153 βαπτὸς
1065 2108 1151 2155 ὅρνις
1180 2107 1307 2143 οὑτοσί.

314 2176 369 2217 τίς
396 2172 623 2223 ὀνομάζεταί
649 2173 722 2211 ποθ’
752 2172 872 2219 οὖτος;
901 2174 977 2223 Ep.
1003 2175 1122 2212 οὑτοσὶ
1147 2172 1399 2221 κατωφαγᾶς.

180 2242 278 2280 Pith.
303 2244 379 2280 ἔστι
406 2242 483 2293 γοὶρ
511 2240 756 2289 κατωφαγᾶς
785 2256 839 2284 τις
868 2243 980 2284 ἄλλος
1007 2241 1027 2287 ἢ
1056 2241 1303 2289 Κλεώνυμος;

204 2341 308 2378 Tum
336 2341 546 2390 Euelpides
575 2341 722 2378 iocatur
735 2353 743 2378 :

234 2433 306 2473 πῶς
332 2429 379 2468 ὀὲν
405 2428 463 2468 οὖν
492 2429 722 2477 Κλεώνυμος
749 2428 791 2476 γ’
821 2430 867 2466 ὢν
894 2429 955 2467 οὐκ
982 2428 1153 2478 ἀπέβαλε
1184 2430 1245 2468 τὸν
1274 2429 1408 2478 λόφον;
