1619 2759
767 122 820 161 49

162 236 281 283 petita
309 236 489 274 adhibere
515 236 612 273 solet
635 236 738 283 locis,
763 237 828 274 ubi
852 239 1040 275 sententia
1061 239 1260 275 sublimius
1283 240 1437 289 aliquod

161 312 392 349 vocabulum
421 312 609 361 requirere
635 311 847 350 videbatur.
868 314 926 350 Ita
946 314 1065 362 Vesp.
1088 326 1143 350 vs.
1167 316 1263 362 1083
1289 315 1357 351 viri
1372 316 1437 363 qui

161 389 197 425 in
225 402 356 438 pugna
382 389 625 427 Marathonia
651 390 822 427 vicerunt
849 390 997 428 dicunt:

321 463 551 511 ἐμαχόμεσθ’
581 463 738 507 αὐτοῖσι,
767 463 876 511 θυμὸν
903 465 1017 511 ὀξίνην
1045 468 1258 507 πεπωκότες.

161 538 457 587 Exspectaveris
493 540 670 576 nimirum
715 540 860 586 μένους,
896 539 1006 587 θυμοῦ
1038 540 1135 587 ὀξέος
1177 540 1439 588 ἐμπλησθέντες

159 615 219 650 vel
247 614 323 651 tale
349 614 504 662 aliquid.

211 706 330 754 Vesp.
359 718 413 742 vs
450 704 548 753 1367
585 717 704 742 senex
741 704 975 751 Philocleon‚
1016 712 1058 743 ut
1085 705 1368 754 vituperantem
1399 719 1440 743 se

160 779 279 816 filium
320 780 482 816 lacessat
522 792 568 816 ac
609 781 641 816 ei
678 785 826 816 metum
864 781 1023 817 incutiat
1060 793 1108 817 ne
1143 782 1280 818 iterum
1317 781 1439 818 litium

161 867 292 892 amore
318 856 562 905 corripiatur,
592 856 702 893 dicit:

425 932 470 972 ὡς
497 931 603 976 ἡδέως
627 929 766 977 Φάγοις
794 930 840 966 ,ἓν
868 929 909 976 ἐξ
939 931 1038 976 ὄξους
1067 931 1174 975 δίκην.

162 1007 266 1043 litem
294 1007 331 1042 in
359 1012 469 1043 aceto
496 1011 667 1050 coctam,
696 1006 826 1053 itaque
852 1005 1111 1053 peracerbam.

215 1082 366 1118 Eodem
407 1081 482 1117 fere
523 1093 636 1117 sensu
678 1086 794 1128 poeta
835 1080 907 1128 Eq.
946 1093 1001 1117 vs,
1039 1068 1059 1116 Ἰ
1069 1090 1142 1127 303
1181 1093 1438 1117 successorem

164 1156 315 1194 Cleonis
342 1161 477 1193 vocat:

348 1232 461 1281 ἄνδρα
489 1230 669 1279 μοχθηρὸν
696 1233 852 1275 πολίτην,
879 1231 994 1276 ὀξίνην
1019 1229 1253 1281 “Υπε’ρβολον.

163 1304 278 1351 ὀξίνην
304 1316 392 1341 eum
420 1309 534 1341 vocat
560 1316 630 1353 pro
657 1303 830 1351 ὀξύθυμον
857 1304 918 1341 vel
946 1304 1133 1351 ὀξύχολον.

163 1381 326 1416 Aristot.
357 1379 448 1416 Eth.
477 1380 559 1416 Nic.
589 1390 625 1426 9.
664 1379 842 1429 ὑπερβολῇ
879 1380 909 1415 δ’
951 1381 1033 1416 εἰσ-ἰν
1071 1382 1102 1416 οἱ
1128 1379 1318 1429 ἀκρόχολοι
1346 1380 1438 1425 ὀξεῖς

162 1455 225 1490 καὶ
252 1454 333 1505 πρὸς
360 1456 432 1491 πᾶν
459 1455 592 1504 ὅργιλοι
618 1454 683 1490 καὶ
708 1454 765 1490 ἐπὶ
791 1456 911 1490 παντί.

163 1537 218 1575 Cf.
248 1550 403 1585 quoque
430 1538 571 1575 Cratini
600 1538 641 1574 fr.
671 1537 716 1574 6:

322 1611 408 1653 εἶδες
435 1612 499 1657 τὴν
527 1611 671 1648 Θασίαν
701 1612 825 1659 ἅλμην
852 1611 900 1648 οἷ’
931 1612 1032 1648 ἅττ-οι
1061 1610 1212 1660 βαΰζει,

321 1680 366 1720 ὡς
393 1677 432 1715 εὖ
460 1682 524 1716 καὶ
549 1680 696 1726 ταχέως
724 1678 924 1716 ἀπετίσατο
952 1682 1016 1716 καὶ
1040 1683 1291 1730 παραχρῆμα,

321 1746 358 1783 οὐ
387 1747 510 1793 μέντοι
537 1746 636 1796 παρὰ
659 1746 780 1793 κωφὸν
806 1749 824 1783 o‘
853 1747 993 1793 τυφλὸς
1021 1749 1107 1783 ἔοικε
1135 1750 1307 1792 λαλῆσαι.

164 1828 251 1873 „De
281 1827 436 1864 homine
472 1828 573 1865 salso
609 1834 648 1866 et
688 1829 877 1866 mordacis
913 1829 1072 1877 ingenii,
1110 1829 1438 1877 quemadmodum

146 1904 372 1951 ·“Αλμίωνος
413 1917 572 1941 nomen·
592 1905 642 1941 ad
684 1905 822 1952 ingenii
871 1905 1118 1941 acerbitatem
1169 1904 1438 1941 referebatur.''

103 2017 109 2020 ,
162 1978 383 2026 (Meineke.)
412 1978 479 2014 Ad
503 1978 679 2015 ultimum
695 1990 848 2014 versum
865 1979 1135 2026 explicandum
1150 1978 1264 2015 Kock
1279 1985 1438 2015 annotat

161 2052 276 2089 haec:
312 2052 585 2099 „Proverbium
622 2052 773 2090 videtur
811 2052 923 2089 fuisse
960 2053 1008 2089 de
1045 2053 1108 2097 iis,
1142 2054 1208 2101 qui
1235 2053 1340 2100 quod
1369 2054 1438 2100 ipsi

163 2115 335 2164 nes'ciunt
357 2127 437 2164 aliis
461 2117 614 2164 narrant
637 2139 685 2164 ne
707 2127 949 2164 audientibus
969 2127 1124 2176 quidem
1143 2127 1234 2176 quid
1255 2134 1438 2164 narretur.

163 2203 405 2241 Contrarium
432 2203 493 2241 hic
520 2204 691 2240 evenisse
717 2209 834 2252 poeta
860 2202 988 2240 dicit.''

216 2278 324 2324 ‚,Tu‚
363 2277 542 2323 heliasta‚
580 2278 646 2326 qui
672 2284 712 2314 te
738 2290 868 2325 regern
897 2289 979 2313 esse
1015 2277 1259 2325 praedicaS‚''
1298 2278 1438 2326 Bdely-

161 2352 269 2389 cleon
296 2353 415 2402 Vesp.
444 2366 500 2390 vs,
529 2353 606 2401 673
635 2353 830 2402 perhibet,

162 2420 231 2466 ,.,σ·ὒ
241 2420 279 2457 δὲ
294 2423 358 2466 τῆς
372 2419 491 2472 ἀρχῆς
506 2420 664 2468 ἀγαπᾷς
678 2424 742 2468 τῆς
755 2424 817 2468 σῆς
833 2422 914 2463 τούς
929 2420 1158 2471 ἀργελόφους
1173 2420 1436 2471 περιτρώγων.”

1266 2489 1279 2506 4
