1619 2759
772 131 825 167 60

216 243 360 280 Poetae
392 243 548 279 nomine
579 254 714 279 servus
747 243 866 290 Vesp.
897 241 947 278 62
976 240 1198 289 profitetur:

319 315 390 353 οὐδ’
421 317 454 353 εἰ
476 315 612 353 Κλέων
639 314 681 362 γ’
706 317 856 364 ἔλαμψε
884 318 948 362 τῆς
976 317 1095 363 τύχης
1123 316 1233 367 χάριν

320 390 419 433 αὖθις
448 391 509 428 τὸν
525 376 650 428 ἀὑτὸν
677 391 791 439 ἄνδρα
820 392 1137 438 μυττωτεύσομεν.

164 480 289 517 neque
327 467 444 505 etiam
482 467 574 516 quia
614 466 735 505 Cleon
771 467 947 505 fortunae
975 467 1104 505 favore
1133 466 1324 513 inclaruit,
1354 479 1446 503 eun-

160 544 251 580 dem
281 543 387 579 illum
415 544 542 579 virum
571 543 701 579 denuo
736 549 990 580 conteremus.
1027 543 1246 591 (Reliquam
1278 543 1446 579 fabulam

162 618 261 655 bene
302 617 445 666 legenti
484 618 632 667 patebit
673 617 769 655 haec
809 618 949 656 iron1ce
986 619 1088 657 dicta
1115 619 1227 668 esse.)
1257 621 1447 666 μυττωτός

161 699 244 731 erat
291 706 417 742 genus
459 694 617 739 moreti,
662 693 823 731 mistura
850 693 946 740 allii,
988 695 1106 740 casei,
1148 700 1220 732 cet.
1259 694 1315 732 Cf.
1344 693 1445 731 Ach.

163 782 219 806 vs.
258 778 330 816 174
371 769 446 818 Eq.
475 781 529 805 VS.
562 777 652 816 771.
681 769 756 806 Pac
795 781 851 806 VS.
883 769 959 815 246
985 782 1154 818 quoque,
1183 770 1248 806 ubi
1273 769 1448 822 Polemos

164 845 348 882 Graeciae
384 844 497 881 urbes
531 844 568 880 in
605 826 762 880 immani
797 844 979 881 mortario
1007 831 1237 882 contusurus
1260 843 1449 881 horrenda

163 932 261 957 voce
289 919 434 957 fremit:

278 992 330 1030 Ὧ
360 992 540 1043 Μέγαρα
569 991 747 1044 Μέγαρ’,
776 994 821 1035 ὡς
849 992 1106 1044 ἐπιτετρίψεσθ’
1135 996 1268 1030 αὐτίκα

272 1068 534 1116 ἁπαξάπαντα
565 1068 1025 1117 καταμεμυττωτευμένα.

218 1189 304 1228 Pac.
329 1201 385 1227 VS.
417 1199 514 1237 1123
540 1201 673 1226 servus
697 1188 802 1226 hisce
825 1189 959 1238 lepidis
981 1190 1107 1226 verbis
1134 1189 1304 1227 fallacem
1332 1195 1450 1238 atque

164 1277 326 1302 avarum
355 1265 594 1301 sacerdotem
628 1264 870 1312 aggreditur:

656 1340 731 1384 ἐγὼ
759 1339 796 1375 δὲ
824 1342 963 1375 τουτονὶ
990 1342 1060 1376 τῶν
1087 1340 1237 1385 κῳδίων,

410 1414 435 1450 ά
466 1412 650 1462 ’λάμβαν’
681 1413 792 1456 αὐτὸς
822 1413 1021 1461 ἐξαπατῶν
1047 1414 1238 1463 ἐκβολβιῶ.

164 1491 282 1528 veluti
320 1502 440 1539 cepae
478 1495 684 1538 putamen,
732 1490 850 1538 pelles
896 1504 993 1539 quas
1039 1503 1108 1539 per
1149 1491 1319 1528 fraudem
1361 1493 1450 1528 arri-

165 1566 269 1613 puit,
300 1566 333 1601 ei
361 1563 575 1602 detraham.

221 1685 311 1723 Non
362 1684 606 1721 incommode
657 1683 716 1720 his
766 1685 1004 1733 metaphoris
1057 1699 1107 1722 ex
1150 1691 1231 1723 arte
1272 1686 1452 1722 culinaria

167 1761 382 1809 desumptis
409 1759 530 1796 addas
558 1758 724 1808 lepidam
763 1760 971 1808 imaginem
999 1773 1098 1808 quae
1125 1760 1263 1808 legitur
1290 1760 1364 1808 Eq.
1394 1773 1450 1797 vs,

138 1886 142 1890 ι
167 1847 259 1885 920,
290 1837 355 1873 ubi
382 1835 677 1873 insultabundus
705 1835 930 1880 botularius,
967 1834 1106 1883 opificii
1133 1847 1292 1878 memor,
1318 1835 1452 1872 adver-

167 1913 310 1949 sarium
348 1910 537 1948 furentem
573 1916 774 1959 comparat
811 1922 899 1947 cum
936 1909 1062 1947 aheno
1090 1909 1314 1955 ebulliente,
1343 1911 1452 1958 quasi

168 1987 392 2036 perterritus
420 1986 469 2023 sit
497 1997 640 2033 magna
666 1997 763 2022 voce
790 1985 1055 2022 exclamans:.

489 2060 576 2110 ἀνὴρ
604 2058 816 2107 παφλάζει,
846 2061 938 2097 παῦε
960 2058 1046 2097 παῦ’

487 2133 682 2184 ὑπερζέων,
712 2132 911 2180 ὑφελκτέον

488 2207 559 2246 τῶν
586 2209 734 2255 δᾳδίων,
763 2207 988 2259 ἀπαρυστέον

489 2297 524 2320 τι
552 2282 623 2320 τῶν
651 2282 806 2320 ἀπειλῶν
832 2286 977 2330 ταυτῃί.

169 2360 330 2397 Desine!
377 2358 508 2395 desine
557 2358 821 2395 effervescere!
870 2357 1014 2406 aliquid
1061 2356 1354 2395 subducendum
1405 2358 1454 2395 de

167 2434 301 2484 lignis,
330 2425 641 2482 despumandum
669 2433 812 2483 aliquid
840 2433 1030 2470 minarum
1058 2431 1132 2470 hoc
1159 2431 1364 2470 cochleari!
