1619 2759
787 148 835 183 93

231 259 300 296 Ad
335 259 646 308 significandum:
688 259 854 308 aliquem
883 260 1018 298 frustra
1047 261 1262 306 laborasse,
1293 261 1451 298 Thesm.

177 348 222 371 vs
261 336 338 383 928
367 334 628 383 metaphorice
654 319 811 372 dicitur‘:

417 410 510 454 αὕτη
539 409 609 456 μὲν
637 410 657 454 ἡ
685 408 845 460 μήρινθος
872 409 969 447 οὐδὲν
997 412 1163 448 ἔσπασεν.

176 483 237 520 hic
265 483 450 520 funiculus
478 482 568 520 nihil
596 482 758 532 (nullum
785 483 947 534 piscem)
975 485 1147 521 adduxit.

176 571 221 595 ac
249 558 384 594 eodem
413 558 529 595 modo
555 559 674 607 Vesp.
702 571 758 596 vs.
793 567 888 606 175:

492 637 579 675 ἀλλ’
608 639 668 676 οὐκ
698 641 851 677 ἔσπασεν
879 642 998 688 ταύτῃ
1025 642 1080 688 γ’.

227 760 292 797 Ex
332 761 517 797 medicina
553 766 611 798 est
646 761 851 809 desumpta
887 761 1134 810 metaphora,
1163 775 1262 811 quae
1289 763 1450 799 occurrit

176 835 246 883 Eq.
279 825 334 871 vs.
370 836 480 881 1148,
510 835 574 872 ubi
603 835 752 872 Demus
779 836 889 873 dicit:
926 837 991 884 qui
1028 844 1159 873 se'me
1186 837 1311 874 fallere
1338 849 1451 885 posse

176 915 327 957 putent,
363 922 429 946 eos
461 911 565 958 ipsos
586 909 862 956 circumvenio,>
882 911 1047 948 observo
1071 912 1170 947 enim
1197 923 1450 959 quaecunque

176 984 366 1028 furantur,

740 1059 849 1096 ἔπειτ’
878 1057 1000 1106 ἀναγ-

487 1132 588 1181 κάζω
615 1136 724 1170 πάλιν
752 1133 895 1181 ἐξεμεῖν

490 1208 576 1245 ἅττ’
605 1208 651 1245 ἂν
677 1207 883 1255 κεκλόφωσί
906 1222 998 1255 μου,

489 1282 603 1330 κημὸν
632 1286 872 1330 καταμηλῶν.

173 1359 281 1404 μηλή·
313 1358 507 1406 specillum
550 1363 629 1403 est,
670 1358 775 1406 quod
815 1358 1005 1395 medicum
1044 1359 1340 1395 instrumentum
1378 1370 1448 1394 nos

172 1444 375 1470 vocamus:
412 1431 535 1469 sende.
571 1434 811 1480 καταμηλοῦν
851 1432 1060 1481 significat:
1099 1432 1254 1481 specillo
1281 1433 1447 1481 aliquem

132 1532 139 1537 -
172 1520 310 1556 cogere
346 1514 388 1545 ut
428 1513 581 1552 vomat;
626 1507 779 1555 specillo
821 1513 973 1553 autem,
1013 1520 1091 1556 quo
1133 1508 1282 1544 Demus
1330 1509 1448 1544 utitur

173 1583 191 1619 ὁ
221 1584 334 1628 κημός
361 1587 439 1627 est,
469 1582 625 1629 qualu'm
654 1593 771 1618 urnae
797 1582 1018 1629 impositum
1066 1582 1121 1618 [²105
1163 1583 1205 1618 αἱ
1238 1581 1353 1628 ψῆφοι
1394 1583 1446 1628 μὴ

172 1655 414 1700 ὀλισθάνωσιν;
462 1656 606 1704 tropice
648 1661 854 1703 usurpatur
888 1667 977 1703 pro:
1014 1656 1217 1704 anquisitio
1254 1656 1445 1692 iudicialis.

172 1730 212 1768 Si
248 1731 479 1768 locutionem
516 1731 568 1768 ita
603 1731 879 1779 interpretariS,
927 1731 1056 1767 omnia
1084 1736 1186 1768 recte
1213 1743 1254 1767 se
1281 1731 1443 1776 habent,

173 1806 237 1842 sed
277 1812 360 1843 tum
401 1806 640 1842 accusativus
681 1805 794 1852 κημὸν
822 1804 913 1841 mihi
942 1805 1024 1841 ferri
1053 1817 1128 1841 non
1157 1817 1270 1853 posse
1297 1806 1446 1842 videtur

172 1881 334 1928 ideoque
361 1880 564 1928 legendum
593 1892 676 1916 esse
702 1891 861 1916 censeo:
885 1882 1000 1926 κημῷ.
