1619 2759
776 153 828 191 74

164 274 326 316 usurpat
353 268 403 304 ad
426 268 595 306 Socratis
623 270 755 307 matris
783 276 907 318 artem
936 269 1147 317 μαιευτικήν
1173 269 1420 306 deridendam
1435 298 1444 313 ‚

163 342 330 391 lepidam
345 343 553 381 antithesin
570 345 730 393 praebet
744 357 834 382 cum
850 346 1040 394 gravitate
1056 345 1201 382 iuvenis
1217 343 1444 393 philosophi.

218 471 285 516 „A
324 471 452 519 pravis
489 472 570 509 istis
599 472 820 509 mulieribus
848 473 946 510 adeo
976 486 1077 521 aqua
1104 473 1241 521 perfusi
1269 470 1444 515 sumus,’'

164 557 274 581 senes
304 545 398 593 Lys.
428 558 484 583 vs.
514 556 587 593 401
621 552 852 595 queruntur,

821 625 941 666 „encre
968 622 1182 670 θαιματίδια

431 699 533 733 σείειν
558 697 728 747 πάρεστιν
756 700 870 747 ὥσπερ
899 697 1184 747 ἐνεουρηκότας.”

218 814 315 852 Ran.
354 828 410 852 vs.
435 823 484 864 95
520 816 569 853 de
604 816 741 853 vilibus
776 816 1008 865 quibusdam
1046 818 1190 866 poetis,
1228 818 1293 866 qui
1330 817 1448 854 semel

164 890 325 926 chorum
362 898 604 939 acceperunt,
633 892 787 929 dicitur:
828 892 994 939 „Statim
1023 905 1074 929 ex
1100 892 1219 929 oculis
1246 892 1449 928 elabuntur

165 965 227 1002 illa
254 967 497 1016 μειρακύλλια

433 1042 539 1088 ἅπαξ
568 1043 859 1092 προσουρήσαντα
887 1044 932 1088 τῇ
960 1041 1188 1092 τραγῳδίᾳ.”

166 1116 229 1152 Sic
266 1116 413 1164 pueruli
450 1117 510 1153 isti
548 1116 760 1162 imberbes,
800 1117 941 1164 quibus
979 1118 1125 1167 σπέρμα
1162 1116 1360 1153 παιδοποιὸν
1389 1116 1449 1153 οὐκ

167 1193 312 1234 ἔνεστιν,
336 1197 586 1240 opponuntur
610 1195 682 1233 τοῖς
696 1194 872 1238 γενναίοις
887 1193 949 1228 καὶ
964 1194 1123 1238 γονίμοις
1139 1196 1311 1236 ποιηταῖς,
1328 1192 1450 1239 qualis

166 1267 236 1303 fuit
265 1265 507 1313 Aeschylusj
538 1266 587 1303 illi
616 1272 767 1303 tentant
806 1279 956 1303 musam
985 1267 1191 1314 tragicam,
1221 1266 1259 1303 hi
1288 1279 1449 1303 uxorem
1512 1316 1515 1319 ἢ

166 1342 313 1379 ducunt
340 1347 379 1378 et
406 1341 553 1390 prolem
582 1342 756 1379 vivacem
784 1355 834 1379 ex
863 1354 908 1378 ea
937 1347 1150 1391 procreant.

168 1688 559 1726 METAPHORAE
591 1689 631 1725 A
661 1688 927 1727 PARTIBUS
951 1689 1172 1727 HUMANI
1195 1689 1452 1727 CORPORIS

258 1756 330 1793 ET
354 1756 553 1793 EARUM
579 1755 998 1794 FACULTALIBUS
1021 1755 1362 1794 DESUMPTAE.

222 1876 321 1914 Cum
351 1875 638 1924 Francogallica
665 1876 857 1912 locutione
884 1874 930 1911 de
950 1875 1045 1922 pz'ed
1066 1887 1111 1912 en
1137 1881 1207 1922 cap
1229 1876 1327 1913 bene
1348 1889 1452 1913 com-

168 1952 292 1999 parari
330 1949 493 1998 possu‘nt
529 1950 626 1988 Plut.
655 1963 712 1987 vs.
741 1950 820 1997 649
856 1957 896 1988 et
924 1951 1023 1997 650,
1063 1951 1127 1987 ubi
1155 1963 1286 1988 servus
1314 1951 1452 1989 Carion

168 2025 348 2062 dominae
372 2030 595 2062 narraturus
619 2025 817 2074 quomodo
840 2024 974 2062 Plutus
988 2030 1147 2062 sanatus
1160 2025 1220 2071 sit,
1236 2026 1288 2063 sic
1303 2026 1451 2075 incipit:

329 2100 436 2136 α’κουε
464 2102 597 2142 τοίνυν,
626 2101 671 2141 ὡς
700 2099 774 2146 ἐγὼ
802 2100 852 2137 τοὶ
880 2101 1095 2150 πράγματα

330 2174 368 2212 ἐκ
397 2178 467 2211 τῶν
496 2175 608 2212 ποδῶν
636 2174 670 2216 ἐς
697 2176 763 2220 τὴν
790 2173 960 2222 κεφαλήν
988 2189 1039 2213 σοι
1068 2175 1175 2212 πάντ’
1202 2174 1277 2226 ἐρῶ.

224 2294 322 2330 Ran.
353 2306 409 2330 vs.
439 2301 515 2341 925
549 2292 736 2341 Aeschyli
764 2294 881 2330 verba
909 2294 1110 2343 Euripides
1137 2300 1251 2331 vocat
1278 2294 1402 2342 βόεια,

278 2367 387 2419 ὀφρῦς
419 2371 566 2420 ,ἔχοντα
593 2370 655 2405 καὶ
683 2367 835 2415 λόφους,
865 2370 946 2407 δείν’
975 2371 1078 2407 ἄττα
1107 2370 1347 2420 μορμορωπα,

172 2444 373 2494 supercilia
401 2444 582 2482 habentia
611 2449 650 2481 et
676 2444 829 2488 cristas,
860 2444 1020 2482 terrifica
1049 2450 1088 2481 et
1116 2443 1314 2483 horrenda.
