1619 2759
775 164 821 200 16

151 290 211 325 cui
236 289 547 337 indignabundus
575 290 636 326 ille
663 291 888 338 respondet:

575 377 678 415 ἀλλὰ
707 378 904 430 προβατίου
932 378 1010 428 βίον
1033 380 1165 426 λέγεις,

389 451 423 487 εἰ
447 452 500 499 μὴ
529 450 705 499 Φοινεῖτοιι
732 453 899 504 διατριβή
928 467 982 495 τις
1009 456 1060 500 τῷ
1087 453 1167 501 βίῳ.

151 550 255 586 Nos:
283 549 346 586 als
374 528 439 586 ben
467 548 634 587 redeloos
660 549 757 589 dier.

150 625 324 673 Nempe,
356 630 399 662 ut
426 616 485 661 est
512 625 617 673 apud
645 615 865 663 Cratinum:

150 724 169 758 ὁ
192 720 317 767 ἠλίθιος
343 724 458 771 ὥσπερ
486 721 670 771 πρόβατον
698 719 771 769 ,,βῆ
799 722 874 770 βῆ”
903 723 1023 768 λέγων
1050 721 1207 770 βαδίζει.
1252 722 1310 772 (fr.
1349 722 1431 769 43.)

156 828 162 834 ·
203 818 322 866 Vesp.
362 830 418 854 vs.
453 826 540 865 572.
569 817 721 863 Senex,
750 818 816 866 qui
843 817 969 866 legem
1001 818 1233 855 iudiciariam
1267 817 1433 854 defendit

151 897 190 928 et
226 891 474 929 heliastarum
521 892 642 928 vitam
685 892 840 928 beatam
869 892 1029 928 summis
1055 891 1231 928 laudibus
1260 892 1431 939 extollit,

151 966 296 1004 inducit
327 978 435 1003 reum
458 965 624 1014 aliquem
648 971 738 1014 post
760 965 925 1002 flebilem
949 965 1230 1014 perorationem
1253 965 1433 1014 parvulos

151 1052 242 1077 suos
280 1040 419 1077 liberos
456 1041 493 1076 in
521 1046 750 1088 suggestum
778 1040 984 1077 ascendere
1011 1041 1205 1077 iubentem
1230 1047 1269 1077 et
1293 1042 1433 1078 iudices

151 1114 269 1151 veluti
294 1114 388 1150 deos
415 1115 468 1151 ita
498 1120 743 1162 precantem:

665 1213 728 1255 τῆς
757 1208 896 1255 εὐθύνης
924 1210 966 1256 μ’
996 1208 1192 1253 ἀπολῦσον,

206 1288 239 1323 εἰ
265 1286 331 1333 μὲν
359 1288 498 1336 χαίρεις
526 1284 630 1336 ἀρνὸς
658 1283 772 1331 Φωνῇ,
789 1281 926 1326 ’παιδὸς
954 1283 1076 1331 Φωνὴν
1105 1285 1340 1337 ἐλεήσαςψ)

206 1361 238 1396 εἰ
262 1359 344 1396 δἀῧ
371 1363 444 1400 τοῖς
472 1359 647 1408 χοιριδίοις
673 1361 803 1408 χαίρω,
845 1357 1032 1409 θυγατρὸς
1060 1358 1161 1405 Φωνῇ
1190 1373 1238 1406 με
1266 1358 1433 1397 πιθέσθαι.

205 1457 291 1493 Pac.
327 1469 384 1493 vsi
413 1463 488 1504 935
520 1454 659 1492 chorus
687 1454 797 1491 dicit:
829 1453 924 1491 Ovis
955 1454 1065 1491 nobis
1093 1460 1153 1492 est
1181 1457 1404 1502 mactanda,

338 1553 423 1589 ὥστ’
454 1550 592 1599 ἐσόμεθ’
623 1549 829 1596 ἀλλήλοισιν
857 1549 966 1597 ἀμνοὶ
993 1551 1074 1592 τούς
1103 1553 1261 1601 τρόπους.

152 1651 208 1689 Cf.
238 1650 439 1698 Hermippi
466 1649 509 1685 fr.
541 1659 584 1695 3:

340 1739 405 1784 τὴν
433 1737 501 1785 μὲν
529 1737 716 1774 διάλεκτον
745 1738 808 1773 καὶ
833 1737 875 1774 τὸ
904 1739 1082 1787 πρόσωπον
1110 1735 1239 1784 ἀμνίον

340 1815 440 1859 ἔχειν
467 1813 589 1854 δοκεῖς,
619 1811 669 1848 τοὶ
698 1812 827 1847 δ’ἕνδον
856 1811 954 1847 οὐδὲν
982 1810 1162 1861 διαφέρεις

339 1887 545 1938 δράκοντος.

205 1986 298 2035 Lys.
328 1997 384 2022 vs.
417 1994 493 2033 309
520 1983 615 2021 alius
642 1982 759 2020 alium
787 1994 918 2019 senem
947 1983 1110 2020 excitat:

446 2089 481 2129 ἐς
509 2088 574 2132 τὴν
601 2085 707 2136 θύραν
733 2086 868 2136 κριηδὸν
896 2085 1122 2139 ἐμπέσωμεν.

206 2186 269 2225 Sic
291 2185 408 2232 aries,
433 2189 657 2230 stormram,
681 2188 844 2220 vocatur
857 2182 1033 2220 machina
1049 2182 1181 2219 bellica
1195 2187 1235 2219 et
1249 2181 1433 2230 rameien,

153 2262 336 2307 arietare,
374 2261 552 2298 dicuntur
587 2259 653 2306 qui
681 2269 766 2294 eam
795 2262 930 2305 portae
966 2257 1195 2301 admovent,
1224 2268 1436 2303 omnesque

199 2423 220 2453 ι)
247 2423 296 2452 Sic
325 2431 379 2461 pro
410 2423 532 2456 ἐλεήσαις
558 2418 663 2457 scripsi
689 2422 719 2446 et
745 2418 775 2446 in
803 2416 995 2455 praecedenti
1022 2425 1108 2444 versu
1138 2415 1274 2453 supplevi
1305 2414 1347 2453 μ’.
1370 2416 1447 2444 Alii·

155 2478 243 2509 aliter
262 2477 416 2515 vulgatam
437 2475 596 2505 manifesto
624 2477 796 2512 corruptam
818 2472 980 2500 emendare
1001 2469 1188 2499 studuerunt.
