1619 2759
778 144 828 181 30

161 248 240 284 Av.
269 259 324 283 vs.
357 247 435 284 800
461 246 510 283 de
538 258 641 283 novo
668 246 824 283 homine
852 244 1053 294 Diitrephe
1079 245 1235 282 dicitur:

265 326 365 379 ᾑρέθη
393 325 610 379 Φύλαρχος,
640 326 700 365 εἶθ’
730 328 929 379 ἵππαρχος,
959 327 1023 365 εἶτ’
1054 326 1096 375 ἐξ
1122 326 1258 369 οὐδενὸς

266 396 427 443 μεγάλα
455 396 609 446 πράττει
635 395 747 433 κάστὶ
772 397 845 433 νυνὶ
871 395 993 442 ξουθὸς
1019 397 1300 446 ἵππαλεκτρύων.

158 478 341 515 Fortasse
391 478 492 515 idem
543 483 602 515 est
650 490 695 515 ac
736 477 959 515 taxiarchus
1000 478 1083 526 ille,
1125 479 1189 527 qui
1241 478 1277 514 in
1318 477 1445 514 sabula

158 553 265 589 Pacis
293 553 560 601 perstringitur
586 553 764 601 quidem,
793 553 860 589 sed
883 550 966 589 'non
995 554 1223 590 nominatur.

491 807 709 845 VARIAE
739 808 914 846 ALIAE
942 807 1102 846 AVES.

211 921 312 959 Cum
341 921 377 957 in
405 920 533 957 fabula
560 920 779 968 Vesparum
808 932 906 957 unus
930 920 1112 957 ferocium
1136 920 1285 957 illorum
1310 920 1444 957 helias-

158 1002 286 1034 tarum
314 995 393 1032 filio
421 1007 512 1041 suo,
543 995 609 1044 qui
628 995 750 1043 digito
774 1001 980 1044 promovet
1007 995 1184 1033 lucernae
1198 994 1442 1044 ellychnium,

161 1070 315 1119 alapam
342 1069 490 1118 infligit,
518 1068 580 1106 hic
606 1081 662 1105 vs,
693 1079 715 1106 2
721 1069 771 1116 56
797 1070 1108 1118 indignabundus
1136 1071 1322 1108 minatur:

317 1161 350 1197 εἰ
373 1160 413 1206 νὴ
441 1159 507 1196 Δί’
537 1157 635 1201 αὖθις
662 1160 838 1201 κονδύλοις
865 1158 1078 1205 νουθετήσεθ’
1108 1161 1228 1207 ἡμᾶς,

318 1225 592 1274 ἀποσβέσαντες
621 1225 704 1267 τούς
731 1227 888 1273 λύχνους
916 1226 1053 1273 ἄπιμεν
1078 1226 1190 1263 οἴκαδ’
1221 1226 1335 1263 αὐτοί·

317 1293 459 1330 κᾶπειτ’
491 1294 570 1334 ἴσως
595 1292 630 1329 ἐν
657 1295 709 1338 τῷ
737 1295 852 1338 σκότῳ
880 1294 1023 1330 τουτουὶ
1049 1291 1224 1344 στερηθεὶς

317 1360 379 1397 τὸν
406 1357 517 1404 πηλὸν
544 1361 658 1410 ὥσπερ
686 1357 867 1406 ἀτταγᾶς
895 1359 1088 1410 τυρβάσεις
1111 1357 1283 1408 βαδίζων.

158 1451 244 1488 Hac
271 1450 426 1487 lucerna
451 1462 584 1486 carens
607 1451 644 1486 in
667 1442 835 1486 tenebris
858 1451 1041 1487 oberrans
1067 1456 1267 1498 tamquam
1282 1456 1439 1498 attagen

157 1526 283 1562 lutum
311 1524 497 1561 turbabis.

210 1645 267 1683 Ut
294 1644 446 1693 saepius
472 1643 562 1681 facit
588 1644 626 1680 in
653 1643 723 1680 illis
756 1643 1078 1692 digressionibus,
1109 1644 1146 1680 in
1163 1643 1304 1692 quibus
1324 1656 1442 1692 quam

158 1719 328 1770 maxime
351 1718 475 1756 elucet
497 1718 696 1755 lasciviens
720 1718 801 1755 eius
825 1718 1040 1766 ingenium,
1065 1718 1118 1755 sic
1145 1719 1182 1755 in
1198 1718 1274 1755 fine
1288 1731 1443 1767 quoque

157 1794 391 1843 parabaseos
418 1794 525 1830 Pacis
553 1798 671 1842 poeta
692 1793 934 1830 occasionem
957 1793 1201 1841 amplectitur
1223 1793 1442 1842 indulgendi

157 1870 265 1915 odio,
294 1869 400 1918 quod
427 1869 599 1906 exercuit
625 1874 759 1906 contra
792 1868 1046 1917 pumilionum
1073 1880 1196 1917 genus
1223 1872 1441 1919 καρκινιτῶν.

156 1945 226 1982 Vs.
253 1945 326 1991 781
359 1944 514 1980 Musam
541 1942 616 1980 hoc
644 1943 762 1980 modo
785 1949 890 1980 orat:
916 1943 1070 1980 Mecum
1095 1942 1233 1980 choros
1260 1956 1413 1990 exerce,

266 2032 306 2079 ἣν
333 2032 372 2070 δὲ
398 2046 439 2070 σε
467 2031 651 2083 Καρκίνος
678 2031 785 2070 ἐλθὼν

251 2099 441 2150 ,ἀντιβολῇ
469 2100 572 2147 μετοὶ
598 2103 670 2137 τῶν
697 2100 832 2136 παίδων
859 2101 1050 2150 χορεῦσαι,

266 2166 349 2215 μήθ’
373 2166 528 2204 ὑπάκουε
551 2166 640 2214 μήτ’
667 2168 726 2203 ἕλ-

264 2232 322 2281 θῃς
344 2232 517 2284 ξυνέριθος
535 2232 677 2276 αὐτοῖς,

266 2302 368 2338 ἄλλα
395 2299 519 2349 νόμιζε
547 2300 691 2342 πάντας

264 2372 425 2421 ὄρτυγας
452 2369 661 2416 οἰκογενεῖς,
689 2368 944 2416 γυλιαύχενας
971 2367 1158 2420 ὀρχηστὰς

264 2436 472 2485 νανοφυεῖς,
500 2434 693 2487 σφυράδων
721 2434 1000 2482 ἀποκνίσματα,
1031 2434 1307 2483 μηχανοδίφας.
