1619 2759
767 134 815 171 37

157 251 195 286 in
217 250 328 287 Odeo
356 251 414 286 ius
441 250 620 295 dicimus,
651 249 712 286 alii
734 249 860 286 etiam·
875 249 979 297 apud
1003 249 1175 294 moenia,
1199 247 1315 299 (quae
1338 248 1435 285 haec

157 324 308 360 moenia
348 324 502 369 fuerint,
538 323 725 360 incertum
762 320 850 372 est,)
887 328 969 360 arte
1001 322 1178 368 conferti,
1215 322 1253 358 in
1291 327 1432 359 terram

156 403 349 446 nutantes,
373 404 573 446 tamquam
594 409 743 434 vermes
757 397 795 433 in
809 396 950 434 cellulis
964 397 1031 434 vix
1044 409 1115 433 nos
1129 401 1431 433 commoventes-

210 528 246 568 ἔς
275 540 317 563 τε
345 526 411 572 τὴν
439 527 557 571 ἄλλην
583 525 727 562 δίαιταν
755 524 865 572 ἐσμὲν
892 526 1143 576 εὐπορώτατοι.

210 601 334 638 πάντα
362 599 439 651 γοὶρ
465 601 660 647 κεντοῦμεν
688 600 802 651 ἄνδρα
829 598 1090 651 κάκπορίζομεν
1117 599 1207 649 βίον.

211 675 314 713 ἀλλα
340 675 417 726 γοὶρ
443 674 600 723 κηφῆνες
627 677 712 723 ἡμῖν
740 676 824 713 εἰσὶν
856 674 1115 722 ἐγκαθήμενοι,

210 751 271 787 οὐκ
298 752 447 798 ἔχοντες
474 751 627 800 κέντρον·
656 750 692 787 01¹
714 750 883 797 μένοντες
911 750 1016 792 ἔνδον,
1045 751 1109 787 τοῦ
1137 748 1247 800 Φόρου

211 825 272 863 τὸν
299 827 399 863 πόνον
425 823 676 868 κατεσθίουσιν,
704 824 742 862 οὐ
770 826 1111 876 ταλαιπωρούμενοι.

210 903 316 938 τοῦτο
344 901 375 938 δ’
405 901 480 938 ἔστ’
509 902 687 947 ἄλγιστον
715 901 820 947 ἡμῖν,
849 902 890 945 ἥν
917 913 971 942 τις
998 898 1246 951 ἀστράτευτος
1271 901 1318 937 ὢν

212 975 343 1026 ἐκροφῇ
370 977 432 1013 τὸν
458 975 580 1023 μισθὸν
607 977 718 1022 ἡμῶν,
747 976 854 1021 τῆσδε
882 978 947 1020 τῆς
975 976 1100 1025 χώρας
1128 976 1213 1025 ὅπερ

211 1051 307 1098 μήτε
334 1052 452 1095 κώπην
478 1051 574 1098 μήτε
603 1052 752 1097 λόγχην
779 1050 876 1096 μήτε
902 1047 1136 1096 Φλύκταινοεν
1163 1047 1300 1098 λαβών.

213 1124 299 1162 ἀλλ’
329 1125 409 1172 ἐμοὶ
435 1126 535 1162 δοκεῖ
553 1125 594 1162 τὸ
622 1124 739 1162 λοιπὸν
767 1128 837 1162 τῶν
866 1128 1018 1162 πολιτῶν
1045 1124 1225 1175 ἔμβραχυ

178 1191 182 1194 ’
212 1202 306 1243 ὅστις
332 1200 378 1238 ἂν
407 1200 458 1248 μὴ
486 1200 555 1248 'xm
582 1200 623 1238 τὸ
651 1200 804 1251 κέντρον,
833 1201 885 1248 μὴ
913 1192 1034 1252 φέρειν
1060 1200 1264 1252 τριώβολον.

212 1320 330 1358 Vides
358 1332 475 1368 quam
503 1319 552 1356 sit
580 1319 714 1356 festiva
741 1319 906 1367 pictura,
936 1330 1054 1366 quam
1080 1318 1207 1367 lepida
1235 1330 1281 1356 ac
1308 1319 1437 1356 iocosa

159 1396 227 1432 sed
254 1395 389 1432 eadem
417 1406 535 1443 quam
562 1393 736 1440 mOrdax,
765 1406 798 1431 e.
814 1406 847 1431 c.
876 1406 965 1430 cum
993 1400 1109 1442 poeta
1132 1395 1204 1442 (vs.
1233 1395 1348 1443 1115)
1369 1408 1436 1432 eos

159 1470 367 1518 pungendo
403 1469 454 1505 ab
491 1481 724 1518 unoquoque
760 1469 905 1506 victum
932 1481 1114 1517 quaerere
1140 1469 1232 1507 dicit
1257 1470 1318 1507 vel
1345 1483 1435 1508 cum

160 1545 365 1593 gloriantes
396 1544 484 1581 facit
509 1543 581 1595 (vs.
615 1544 730 1591 1105)
759 1544 906 1580 nullum
933 1544 1074 1581 animal
1101 1557 1143 1581 se
1170 1546 1260 1593 ipsis
1288 1547 1434 1583 iracun-

159 1619 243 1656 dius
276 1631 321 1656 ac
354 1619 541 1655 morosius
574 1631 669 1656 esse.
707 1617 868 1656 Summa
903 1631 995 1656 vero
1028 1625 1110 1657 arte
1137 1626 1254 1668 poeta
1281 1633 1437 1669 compa-

160 1695 346 1730 rationem
388 1705 509 1741 usque
549 1693 598 1729 ad
638 1693 754 1729 finem
791 1693 983 1741 perduxit.
1021 1695 1108 1742 Ipse
1137 1695 1168 1730 is
1205 1694 1290 1731 finis
1317 1708 1436 1743 quam

159 1768 307 1817 lepidus
335 1774 393 1805 est
407 1774 447 1805 et
460 1767 695 1805 truculentos
709 1767 792 1804 illos
806 1780 915 1805 senes
929 1769 1088 1806 decens:
1113 1770 1196 1816 „Ut
1209 1782 1337 1807 meam
1352 1783 1437 1807 sen-

160 1845 320 1881 tentiam
341 1835 458 1891 quam
473 1843 693 1879 brevissime
706 1843 831 1879 dicam
843 1871 852 1888 ‚
876 1855 1013 1880 censeo
1028 1843 1191 1892 posthac
1204 1845 1437 1894 quicumque

142 1920 298 1956 ‘civium
339 1918 514 1955 aculeum
551 1930 628 1954 non
663 1917 825 1964 habeat,
862 1919 893 1955 is
930 1931 978 1955 ne
1003 1919 1210 1956 triobolum
1238 1920 1436 1968 accipiat.''

213 2062 331 2098 Paulo
372 2067 581 2109 antequam
621 2061 760 2098 chorus
800 2067 961 2109 apparet
1001 2061 1233 2108 Bdelycleon
1269 2073 1325 2098 vs.
1359 2071 1434 2109 223

161 2142 422 2184 spectatorum
444 2135 594 2171 animos
607 2134 710 2171 hisce
723 2134 849 2171 verbis
866 2146 976 2170 servo
991 2133 1183 2171 Xanthiae
1204 2134 1314 2172 dictis
1328 2146 1437 2184 prae-

161 2217 294 2248 monet
320 2223 366 2248 ac
392 2211 572 2247 intendit:

373 2335 473 2380 ἀλλ’,
501 2335 528 2373 ὦ
555 2337 701 2387 πονηρέ,
729 2336 771 2373 τὸ
799 2336 904 2382 γένος
930 2337 971 2379 ἦν
999 2348 1052 2376 τις
1080 2334 1206 2385 ὀργίσῃ

372 2412 413 2450 τὸ
439 2415 510 2450 τῶν
536 2414 726 2464 γερόντων,
755 2409 823 2449 ἔσθ’
850 2412 966 2459 ὅμοιον
993 2408 1145 2458 σφηκιᾷ.
