1619 2759
794 117 837 144 12

168 242 290 278 equus
319 237 492 268 mutatus
521 238 579 269 est
607 233 644 268 in
673 233 921 269 scarabaeum
950 232 1048 269 male
1075 231 1242 269 olentem
1270 231 1446 268 immanis

168 305 460 351 magnitudinis,
490 318 560 353 pro
583 305 699 342 heroe
723 312 854 343 autem
879 306 1074 354 splendide
1101 311 1251 342 armato
1274 305 1448 341 videmus

169 379 380 428 simplicem
409 380 606 417 rusticum.

221 453 427 501 Magnifica
454 454 573 490 verba
596 455 751 490 audacis
765 456 904 502 equitis
917 455 954 490 in
970 456 1088 491 risum
1103 455 1306 502 iocumque
1324 454 1447 490 detor-

168 534 355 576 quentur,
394 541 483 565 cum
520 541 596 565 non
634 529 709 565 iam
747 529 870 566 alacer
910 542 1033 578 equus
1068 529 1135 566 sed
1163 528 1253 566 illud
1281 533 1447 566 taetrum
1501 574 1503 576 v

169 609 383 640 monstrum
411 604 612 641 excitetur.

223 679 442 715 Audiamus
482 680 599 716 verba
636 680 753 727 i'psius
791 685 948 727 poetae,
988 680 1164 716 nimirum
1206 692 1267 725 ea,
1310 679 1449 727 quibus

167 753 395 794 scarabaeus
423 759 669 802 comparatur
691 765 779 790 cum
801 754 969 801 Pegaso,
996 765 1086 790 nam
1110 753 1204 790 haec
1218 754 1299 790 sola
1313 754 1361 790 ad
1377 766 1446 790 nos

170 829 346 864 attinent.

222 901 337 940 Alter
386 915 605 948 servorum,
656 903 721 951 qui
765 903 801 939 in
849 914 963 939 scena
1014 897 1124 951 sunt,
1167 903 1447 951 spectatoribus

168 985 296 1016 narrat
332 978 466 1015 herum
518 991 651 1025 suum,
695 991 784 1015 cum
832 979 881 1015 de
923 979 1068 1026 patriae
1120 991 1213 1015 suae
1253 980 1448 1028 totiusque

168 1053 351 1090 Graeciae
396 1054 615 1090 conditione
651 1053 892 1102 desperaret,
942 1053 1055 1089 variis
1095 1053 1224 1090 modis
1265 1059 1471 1103 conatum*

167 1141 250 1164 esse
273 1129 310 1164 in
334 1129 484 1165 coelum
513 1129 561 1164 ad
590 1129 722 1164 Iovem
746 1128 960 1176 pervenire3
988 1133 1029 1165 at
1053 1140 1189 1176 parum
1214 1128 1447 1166 eihactenus

167 1204 395 1240 successisse
422 1215 514 1248 rem,

382 1291 487 1340 ἐχθὲς
514 1292 552 1328 δὲ
581 1291 682 1339 μετα
711 1292 818 1328 ταῦτ’
848 1289 1035 1342 ἐκφθαρεὶς
1062 1291 1123 1328 οὐκ
1149 1292 1211 1329 οἶδ’
1240 1294 1314 1329 ὅποι

383 1367 558 1413 εἰσήγαγ’
588 1366 767 1403 Αἰτναῖον
794 1366 972 1413 μέγιστον
999 1365 1182 1417 κάνθαρον,

381 1442 540 1478 κᾶπειτα
570 1442 696 1477 τοῦτον
725 1442 932 1486 ἱπποκομεῖν
960 1441 1002 1485 μ’
1033 1440 1253 1488 ἠνάγκασεν9

377 1515 510 1557 καύτὸς
537 1515 718 1562 καταψῶν
746 1514 857 1551 αὐτὸν
884 1516 998 1564 ὥσπερ
1027 1516 1165 1557 πωλίον,

378 1590 430 1633 „0⁷0
459 1589 709 1636 Πηγάσειον,”
745 1588 846 1636 Φησί,
875 1593 1070 1636 ,,γενναΐον
1097 1589 1223 1639 πτερὸν

379 1666 469 1705 ὅπως
497 1665 640 1708 πετήσει
668 1664 709 1709 μ’
736 1661 814 1699 εὐθύ
842 1665 906 1699 τοῦ
934 1663 1019 1704 Διὸς
1048 1662 1211 1710 λαβών.”

381 1738 467 1776 ἀλλ’
497 1741 519 1775 ὅ
542 1752 577 1775 τι
605 1742 701 1775 ποιεῖ
719 1738 800 1785 τῃδὶ
825 1738 1007 1784 διακύψας
1034 1738 1184 1784 ὄψομαι.

221 1838 380 1885 Iamque
403 1849 471 1884 per
495 1837 632 1872 rimam
657 1836 743 1872 ostii
765 1835 977 1882 introspicit
1003 1846 1135 1877 servus
1170 1835 1261 1882 quid
1293 1835 1446 1872 tandem

166 1911 268 1948 intus
297 1911 408 1948 faciat
436 1910 615 1947 dominus
644 1921 820 1946 vesanus.
850 1907 1013 1955 „Eheu”
1048 1908 1260 1953 exclamat,

403 2010 494 2054 οἴμοι
523 2007 657 2047 τάλας·
688 2009 740 2043 ἴτε
769 2007 865 2056 δεῦρο
893 2007 999 2056 δεῦρ’,
1030 2005 1056 2042 ὦ
1084 2008 1256 2052 γείτονες·

406 2084 425 2119 δ
451 2082 623 2126 δεσπότης
661 2081 738 2131 γάρ
767 2094 838 2128 μου
866 2081 1043 2131 μετέωρος
1070 2082 1212 2131 αἴρεται

408 2156 554 2200 ἱππηδὸν
582 2155 617 2197 ἐς
644 2156 706 2192 τὸν
734 2154 808 2203 ἀέρ’
841 2155 898 2192 ἐπὶ
923 2157 987 2192 τοῦ
1015 2153 1206 2206 κανθάρου.

220 2261 425 2308 Trygaeus
452 2260 625 2296 sublimis
652 2259 779 2305 fertur,
805 2259 898 2296 dum
922 2259 1130 2296 scitissimis
1155 2258 1279 2295 verbis
1294 2259 1450 2305 animal,

165 2334 272 2382 quod
300 2333 334 2369 ei
362 2345 431 2381 pro
460 2345 562 2381 equo
591 2339 669 2378 est,
699 2333 923 2370 cohortatur
950 2338 1068 2380 atque
1101 2333 1242 2369 incitat.
1272 2333 1340 2369 Vs.
1376 2332 1449 2369 126

165 2415 297 2444 autern
326 2406 425 2443 filiae
453 2407 686 2454 perterritae,
715 2418 816 2453 quae
842 2405 968 2441 verbis
992 2405 1205 2453 Euripideis
1230 2417 1318 2442 eum
1336 2406 1450 2442 inter-
