1619 2759
759 142 810 173 20

199 257 300 296 Cum
342 259 378 295 in
422 258 551 296 fabula
588 258 898 297 Acharnensium
925 259 1095 297 Boeotus
1133 264 1323 296 mercator
1356 270 1426 307 pro

144 333 336 370 mercibus
363 334 441 370 suis
465 334 630 371 invicem
654 335 796 383 aliquid
818 341 942 383 rogat,
968 334 1073 382 quod
1088 319 1255 371 Athenis
1268 333 1425 381 quidem

142 408 210 454 sit,
250 409 288 445 in
316 408 478 446 Boeotia
505 414 637 446 autern
666 421 743 446 non
774 410 843 453 sit,
867 422 923 447 vs.
949 419 1028 458 904
1050 407 1312 457 Dicaeopolidi
1336 407 1425 444 felix

141 485 179 520 in
209 490 380 521 mentem
408 485 513 521 venit
545 485 765 521 inventum:

433 571 555 620 ἐγῷδα
592 575 719 610 τοίνυν·
757 571 989 621 συκοφάντην
1017 574 1135 620 ἔξαγε

429 651 543 699 ὥσπερ
570 650 729 699 κέραμον
756 647 1005 696 ἐνδησάμενος.

196 753 368 789 Boeotus
396 753 477 789 eius
504 753 705 789 consilium
733 752 792 789 his
814 753 940 789 verbis
964 752 1175 800 approbat:

1010 843 1061 878 νεῖ
1082 842 1133 878 τὼ
1155 840 1224 884 θιὼ,

339 917 494 966 λάβοιμι
521 918 663 965 μεντᾶν
691 918 808 968 κέρδος
835 916 999 963 ἀγαγὼν
1026 919 1090 954 καὶ
1115 917 1224 959 πολὺ,

327 991 419 1042 ᾇπερ
448 991 596 1030 πίθακον
625 991 791 1043 ἀλιτρίας
818 995 957 1034 πολλᾶς
984 993 1112 1029 πλέων.

193 1098 253 1134 Ita
295 1109 359 1134 me
403 1098 442 1134 di
488 1103 639 1143 ament,
682 1098 847 1134 multum
884 1097 1031 1134 lucrum
1072 1097 1224 1142 faciam,
1275 1097 1306 1132 si
1347 1095 1421 1134 hoc

141 1177 309 1209 taetrum
347 1172 489 1209 animal
520 1171 740 1209 hominibus
768 1172 1011 1209 ostenderim.
1040 1171 1084 1208 cf.
1115 1170 1215 1208 Ach.
1246 1183 1301 1207 vs.
1336 1179 1419 1207 120.

141 1245 289 1305 Archil.
318 1246 360 1283 fr.
391 1248 453 1295 89.

189 1322 263 1370 Eq.
303 1335 360 1359 VS.
399 1323 477 1370 887
514 1323 716 1360 frustratus
749 1322 958 1371 Paphlago,
987 1334 1076 1358 cum
1104 1321 1315 1358 botularius
1342 1321 1418 1357 cal-

135 1396 218 1434 lidis
248 1396 519 1434 blandimentis
547 1398 689 1434 morosi
716 1397 859 1434 domini
882 1396 1050 1434 favorem
1069 1401 1213 1444 captat,
1227 1396 1418 1444 queritur:

295 1495 387 1540 οἴμοι
414 1494 558 1536 τάλας,
588 1495 667 1535 οἵοις
693 1493 910 1541 πιθηκισμοῖς
936 1508 985 1541 με
1013 1495 1260 1544 περιελαύνεις.

188 1598 357 1646 „Simiae
398 1599 565 1636 artificiis
607 1612 670 1636 me
717 1599 1004 1637 circumvenis.”
1059 1600 1131 1636 Pro
1184 1601 1419 1648 περιελαύνεις

133 1671 261 1720 legere
301 1672 432 1708 malim
476 1674 706 1723 περιελαύνει.
747 1673 865 1710 Verbi
903 1685 1065 1721 persona
1101 1673 1155 1709 sic
1191 1678 1342 1709 mutata
1377 1684 1419 1708 se

134 1745 260 1792 ipsum
302 1745 526 1794 alloquitur,
570 1747 601 1783 si
643 1745 904 1783 adversarium
945 1748 1046 1783 enim
1085 1747 1272 1783 allocutus
1300 1752 1416 1791 esset,

133 1831 210 1855 non
252 1820 473 1868 incepisset,
517 1821 651 1866 credo,
694 1821 819 1858 verbis
860 1823 953 1869 οἴμοι
1004 1821 1127 1863 τάλας
1186 1821 1252 1857 sed
1289 1821 1417 1870 potius

135 1895 307 1931 convicio
335 1895 476 1943 aliquo.

409 2032 561 2084 Μιαρὸς
588 2033 741 2080 ἀλώπηξ
769 2034 836 2071 οἶον
864 2032 1052 2082 ἐπιθηκιζέ
1077 2047 1150 2081 μοι.

132 2145 191 2181 his
218 2145 344 2181 verbis
371 2144 529 2181 Thesm.
559 2157 615 2181 vs,
646 2154 739 2191 1131
773 2143 932 2192 Scytha.
947 2145 1131 2194 Euripidi,
1161 2147 1225 2193 qui
1238 2157 1412 2182 socerum

134 2218 292 2255 liberare
320 2218 471 2264 studet,
500 2219 748 2256 conviciatur.

190 2350 290 2388 Cum
318 2352 356 2388 in
384 2351 513 2389 sabula
543 2352 651 2389 Pacis
679 2358 788 2390 vates
816 2353 1013 2390 Hierocles
1037 2354 1074 2390 in
1098 2366 1251 2391 scenam
1275 2354 1412 2403 prodit,

131 2425 263 2461 statim
301 2425 478 2461 nimirum
518 2426 628 2462 nobis
665 2438 754 2462 suas
781 2428 1086 2474 comparationes
1113 2440 1164 2464 ex
1190 2429 1410 2464 animalium
