1619 2759
801 129 840 155 11

233 247 438 283 Veteribus
460 246 615 295 collegis
636 257 767 283 senem
786 246 966 294 pristinae
984 246 1134 283 virtutis
1148 245 1456 291 admonentibus,

180 320 241 358 hic
272 322 477 371 respondet
502 322 622 370 Vesp.
656 320 752 369 363:
790 320 907 358 Nullo
936 321 1054 358 modo
1081 321 1249 370 effugere
1276 333 1455 370 possum,

181 410 271 434 nam
297 398 366 434 viri
392 398 529 435 armati

496 482 610 530 ὥσπερ
638 494 687 527 με
715 483 839 526 γαλῆν
859 481 946 530 κρέα
974 480 1167 527 κλέψασαν

497 556 657 605 τηροῦσιν
684 556 805 602 ἔχοντ’
834 554 1050 603 ὀβελίσκους.

695 795 942 834 MURES;

234 894 424 942 Lepidum
464 894 625 931 verbum
662 894 824 931 occurrit
859 894 977 943 Vesp.
1012 907 1067 931 vs.
1102 904 1193 941 140:
1223 904 1362 941 senex,
1392 896 1459 944 qui

182 969 300 1005 domo
326 969 507 1017 aufugere
534 975 704 1015 conatur,
733 973 919 1016 μυσπολεῖ
936 983 971 1006 τι
998 970 1262 1015 καταδεδυκώς,
1293 971 1460 1018 trepidat

182 1043 257 1080 huc
278 1043 364 1081 illuc
387 1045 485 1082 sicut
508 1056 613 1091 mus,
639 1045 704 1092 qui
726 1045 878 1082 inimico
896 1045 1062 1083 instante
1077 1046 1308 1094 ubicumque
1323 1047 1458 1083 rimam

183 1120 342 1167 quaerit.

236 1260 337 1298 Aeh.
371 1272 425 1297 vs,
457 1261 545 1308 762.
574 1260 709 1297 Infelix
743 1262 978 1309 Megarensis
1006 1262 1105 1299 bello
1135 1263 1240 1299 omni
1269 1263 1345 1299 fere
1372 1263 1461 1300 cibo

181 1342 298 1385 atque
325 1336 422 1373 adeo
447 1336 577 1373 nativo
600 1348 671 1372 suo
694 1336 781 1372 allio
804 1337 996 1385 privatus,
1023 1337 1284 1386 Dicaeopolidi
1307 1338 1458 1386 roganti

183 1424 275 1449 num
312 1412 398 1448 allia
424 1410 578 1456 habeat,
607 1412 833 1460 respondet:

597 1490 680 1523 ποῖα
707 1487 858 1536 σκόροδ’;
887 1487 977 1533 ὑμὲς
1004 1491 1074 1524 τῶν
1103 1487 1181 1530 ἀεὶ,

446 1560 519 1598 ὅκκ’
550 1561 752 1609 ἐσβάλητε,
782 1563 851 1603 τὼς
875 1560 1051 1611 ἀρουραῖοι
1079 1564 1179 1608 μύες,

442 1636 606 1676 ,πάσσακι
633 1635 703 1677 τοὶς
731 1634 888 1681 ἄγλιθας
918 1635 1144 1685 ἐξορύσσετε,

184 1711 346 1746 murium
375 1711 490 1757 igitur
511 1710 727 1757 agminibus
751 1709 980 1745 assimulans
1003 1710 1134 1757 copias
1158 1709 1456 1746 Atheniensium

183 1797 297 1833 agros
324 1785 469 1821 vicinos
496 1784 742 1821 vastantium.

710 2023 931 2072 EQUI.

237 2129 496 2166 Festivissime
547 2134 662 2177 poeta
708 2129 746 2165 in
787 2129 893 2166 initio
935 2129 1085 2165 fabulae
1125 2129 1232 2165 Pacis
1272 2128 1463 2176 Euripidis

184 2203 352 2240 fabulam
379 2202 715 2251 Bellerophontem
742 2203 779 2239 in
808 2203 1005 2239 ridiculum
1033 2202 1214 2239 deflectit.

237 2278 319 2315 Iam
359 2278 489 2315 statim
530 2278 732 2315 exordium
774 2290 893 2327 quam
934 2278 1132 2315 ludicrum.
1176 2278 1205 2315 Ii
1246 2278 1325 2315 duo
1365 2279 1463 2315 servi

184 2354 391 2390 scarabaeo
418 2354 545 2390 voraci
560 2353 732 2390 merdam
746 2354 961 2402 pinsentes;
984 2353 1120 2390 deinde
1134 2354 1349 2401 Trygaeus‚
1369 2353 1465 2390 alter

186 2428 452 2477 Bellerophon,
477 2441 545 2477 per
566 2427 724 2467 aethera
747 2429 785 2465 in
809 2428 958 2465 coelum
983 2429 1054 2466 iter
1076 2429 1226 2474 faciens,
1256 2428 1323 2465 sed
1346 2428 1464 2476 aliger
