1619 2759
790 132 832 166 81

228 255 291 290 καὶ
320 254 393 301 μὴν
421 253 518 295 εὐθύς
546 254 586 299 γ’
615 252 685 291 ἀπὸ
714 253 904 302 βαλβίδων
933 256 1010 305 περὶ
1037 257 1101 300 τῆς
1129 253 1248 305 ἀρχῆς
1275 253 1450 300 ἀποδείξω

228 331 292 374 τῆς
320 330 501 380 ἡμετέρας
527 331 573 372 ὡς
600 329 768 377 οὐδεμιᾶς
795 331 913 375 ἥττων
941 331 1036 367 ἐστὶν
1063 329 1268 378 βασιλείας.

175 417 340 466 „Statim
380 419 441 455 'ab
486 419 577 467 ipsis
613 420 826 457 carceribus
867 419 1094 457 ostendam”
1132 426 1204 457 cet.
1260 419 1453 468 Compara

174 493 354 530 Latinam
395 494 626 531 locutionem
667 493 723 531 ad
756 495 896 532 calcem
952 507 1089 543 usque,
1123 508 1232 543 quae
1271 496 1362 531 item
1403 507 1453 531 ex

172 567 296 604 stadio
332 568 537 616 desumpta
575 574 644 606 est.
681 569 764 605 Nos
801 581 956 618 quoque
978 570 1157 606 dicimus:
1181 569 1252 605 den
1274 568 1459 615 ez‘ndpaal

171 641 356 687 berez'kezz.
385 642 440 680 Cf.
470 643 543 691 Eq.
573 655 629 679 vs.
664 651 773 690 1159,
804 644 869 680 ubi
893 644 1105 680 botularius
1129 644 1299 680 Demum
1318 650 1451 690 rogat:

382 715 479 763 ἄφες
506 715 576 754 ἀπὸ
604 716 797 765 βαλβίδων
825 717 893 765 ἐμέ
919 732 960 755 τε
990 720 1052 754 καὶ
1079 720 1218 754 τουτονὶ

386 793 442 827 ἵνα
472 792 504 827 σ’
535 789 574 827 εὖ
601 795 753 838 ποιῶμεν
781 791 823 838 ἐξ
856 793 938 828 ἳσουζ

227 879 323 915 Filio
347 880 552 917 somnianti
574 880 622 916 de
642 880 814 917 cursibus
835 881 911 916 suis
931 880 1170 928 equestribus
1192 880 1287 916 acin
1303 880 1452 915 somnio

178 955 330 1001 roganti
358 954 460 991 Nub.
495 966 551 991 vs.
582 964 652 1002 29:

412 1031 535 1070 πόσους
562 1029 708 1079 δρόμους
738 1028 806 1074 ε’λᾷ
834 1028 883 1065 τοὶ
913 1030 1190 1078 πολεμιστήρια;

175 1123 284 1164 pater
315 1118 413 1154 curis
436 1118 676 1154 excruciatus
697 1130 742 1154 ac
765 1119 948 1154 insomnis
966 1129 1095 1154 amare
1122 1117 1346 1165 respondet:

282 1192 348 1238 ἐμὲ
377 1192 445 1238 μὲν
472 1193 515 1228 σύ
543 1192 694 1233 πολλοὺς
716 1192 783 1231 ,τὸν
810 1193 936 1242 πατέρ’
966 1194 1120 1233 ἐλαύνεις
1151 1193 1310 1241 δρόμους.

176 1292 258 1329 me,
300 1286 410 1317 tuum
453 1287 621 1328 patrem,
661 1281 789 1317 multis
827 1281 999 1317 cursibus
1031 1281 1226 1328 exagitas;
1266 1280 1340 1316 huc
1367 1280 1453 1316 illuc

175 1360 304 1391 mente
347 1355 487 1391 cursito
517 1366 609 1390 num
649 1366 766 1402 quam
794 1354 981 1390 rationem
1010 1354 1176 1390 invenire
1204 1354 1347 1401 possim
1374 1366 1452 1401 qua

176 1440 245 1464 nos
274 1434 494 1466 servaturus
525 1429 607 1465 sim.

227 1548 341 1593 „Noli
356 1547 458 1584 hunc
474 1554 654 1596 metuere,
670 1548 853 1597 collega,''
874 1548 1012 1585 chorus
1040 1549 1156 1597 Vesp.
1179 1546 1234 1586 vs.
1257 1559 1330 1597 373
1347 1551 1448 1593 dicit,
1468 1578 1471 1579 γ

491 1624 536 1663 ὡς
564 1622 638 1668 ἐγὼ
665 1625 790 1659 τοῦτόν
817 1624 871 1668 γ’,
901 1623 964 1659 ἐοέν
1003 1626 1090 1672 γρύ-

492 1697 538 1743 ξῃ
566 1711 621 1739 τι,
651 1698 777 1742 ποιήσω
806 1697 926 1733 δακεῖν
953 1698 1017 1742 τὴν

491 1771 639 1820 καρδίαν
666 1772 729 1807 καί
755 1770 816 1807 τὸν
844 1772 921 1820 περὶ
947 1771 1016 1817 ψυ-

492 1846 565 1891 χῆς
593 1845 720 1894 δρόμον
747 1845 917 1895 δραμεῖν,

176 1931 206 1966 si
234 1932 422 1969 tantillum
452 1934 568 1970 modo
595 1934 754 1985 dixerit!
783 1947 871 1971 eum
900 1947 966 1971 cor
988 1947 1101 1971 suum
1125 1935 1298 1971 mordere
1321 1941 1359 1972 et
1382 1947 1452 1983 pro

175 2004 253 2041 vita
281 2018 429 2043 currere
452 2020 602 2055 cogam.

228 2124 346 2172 Vesp.
371 2138 427 2162 vs.
458 2136 554 2163 1122
579 2126 820 2175 coryphaeus
845 2133 972 2164 narrat
986 2134 1142 2175 poetam
1171 2129 1276 2164 initio
1299 2140 1452 2164 comoe-

175 2196 256 2234 dias
285 2210 374 2235 suas
401 2200 482 2236 aliis
508 2201 700 2237 docendas
727 2201 944 2247 tradidisse,
973 2201 1109 2238 deinde
1132 2208 1283 2247 autem,
1313 2203 1452 2251 inquit,

175 2283 245 2307 suo
275 2275 429 2310 nomine
455 2276 688 2323 periclitatus
715 2282 773 2312 est

228 2345 289 2382 οὐκ
317 2346 538 2399 ἀλλοτρίων,
568 2346 654 2386 ἄλλ’
684 2351 812 2387 οἰκείων
836 2349 999 2387 Μουσῶν
1026 2350 1180 2398 στόμαθ’
1212 2353 1417 2398 ἡνιοχήσας.

1272 2467 1286 2488 G
