1619 2759
767 137 817 176 62

207 266 282 315 Eq.
310 278 364 303 vs
395 267 475 314 780
519 259 732 303 b'otularius
759 265 963 303 adversarii
989 265 1160 303 fallacem
1188 265 1438 303 ambitionem

157 341 216 379 his
244 341 372 379 verbis
399 346 576 378 accusat:
605 340 831 390 „Paphlago
859 347 898 379 te
926 347 1052 387 amat,
1081 341 1224 386 Deme,

212 415 299 453 ἀλλ’
329 415 350 460 ἢ
378 415 436 452 δια
466 414 567 452 τοῦτ’
597 414 689 458 αὕθ’,
712 417 789 461 ὁτιή
826 429 888 452 σου
915 419 980 461 τῆς
1008 414 1200 466 ἀνθρακιᾶς
1228 414 1440 452 ἀπολαύει.”

159 506 264 554 quod
291 506 367 543 tuis
395 505 628 542 carbonibus
655 504 871 553 perfruitur.

212 582 330 630 Vesp.
359 592 415 618 vs.
446 588 522 628 227
551 579 735 617 heliastae
762 592 905 628 vespae

371 656 503 701 πηδῶσι
531 657 595 692 καὶ
621 654 821 703 βάλλουσιν
848 656 963 705 ὥσπερ
991 653 1168 702 φέψαλοι.

157 762 297 797 saliunt
336 772 382 797 ac
422 760 564 796 iaciunt
599 760 697 796 sicut
734 759 929 798 scintillae.

212 836 298 872 Pac.
327 846 381 872 vs,
412 834 491 883 609
518 838 634 883 poeta
661 845 785 882 aeque
812 832 969 870 ridiculo
998 837 1038 869 et
1065 831 1232 869 absurdo
1257 831 1373 868 modo
1397 842 1443 867 ac

160 911 262 947 Ach.
300 922 356 946 vs,
390 909 466 956 526
500 909 685 957 explanat
720 920 800 956 quo
838 908 956 944 modo
993 907 1136 944 bellum
1174 912 1354 943 exortum
1382 907 1442 942 sit.

160 985 312 1032 „Prima
341 984 410 1021 fuit
437 996 552 1020 causa
587 983 738 1020 Phidias
769 983 929 1020 adversa
963 983 1115 1020 fortuna
1148 995 1256 1028 usus,
1285 981 1443 1018 Pericles

160 1065 291 1097 autem
321 1064 498 1096 metuens
526 1070 574 1095 ne
603 1059 684 1107 ipse
713 1058 856 1106 aliquid
885 1058 974 1095 mali
1001 1058 1211 1106 acciperet,

918 1162 1098 1211 ἐξέφλεξε
1125 1164 1191 1209 τὴν
1217 1165 1335 1205 πόλιν,

268 1239 445 1287 ἐμβαλὼν
473 1237 640 1289 σπινθῆρα
670 1238 793 1288 μικρὸν
823 1236 1048 1287 Μεγαρικοῦ
1074 1236 1337 1284 ψηφίσματος,

267 1312 520 1362 καέεφύσησεν
549 1313 715 1350 τοσοῦτον
743 1314 900 1360 πόλεμον
928 1314 1020 1349 ὥστε
1049 1314 1101 1358 τῷ
1128 1314 1250 1357 καπνῷ

270 1390 414 1430 πάντας
435 1388 626 1433 ’Έλληνας
640 1389 826 1437 δακρῦσαι,
841 1389 923 1429 τούς
937 1387 972 1424 τ’
990 1387 1068 1424 ἐκεῖ
1082 1389 1164 1428 τούς
1179 1387 1214 1423 τ’
1231 1385 1364 1423 ἐνθάδε.

268 1465 314 1505 ὡς
340 1462 372 1500 δ’
403 1463 509 1509 ἅπαξ
537 1463 579 1499 τὸ
608 1466 743 1512 πρῶτον
771 1461 893 1500 a'z'xcovc'
925 1461 1107 1509 ἐψόφησεν
1134 1463 1299 1508 ἄμπελος

268 1540 332 1575 καὶ
362 1537 456 1579 πίθος
483 1539 637 1583 πληγεὶς
665 1537 723 1573 ὑπ’
753 1536 862 1587 ὀργῆς
890 1535 1152 1574 ἀντελάκτισεν
1181 1536 1286 1582 πίθῳ,

267 1612 383 1652 οὐκέτ’
413 1611 453 1659 ἦν
480 1613 590 1654 οὐδείς
619 1614 637 1650 ὁ
664 1614 830 1655 παύσων,
860 1613 920 1658 ἥδε
950 1611 981 1649 δ’
1012 1610 1225 1661 ἠφανίζετο.

160 1762 326 1799 Primam
369 1761 547 1798 festivam
589 1761 797 1809 imaginem
837 1762 1100 1810 unusquisque
1130 1761 1326 1810 intellegit.
1356 1762 1446 1799 Non

161 1838 241 1873 sine
304 1837 379 1873 risu
444 1836 625 1872 Periclem
683 1837 858 1873 videmus
919 1837 1120 1874 scintillam
1181 1838 1217 1873 in
1275 1838 1446 1874 fomitem

160 1911 390 1949 injicientem
432 1923 477 1948 ac
518 1912 647 1959 ignem
688 1911 828 1949 inflatis
865 1897 973 1960 genis
1010 1913 1063 1950 ita
1093 1911 1339 1950 vehementer
1366 1925 1448 1950 sus-

160 1987 344 2022 citantem
373 1991 416 2022 ut
444 1986 571 2022 fumus
599 1986 762 2023 acerbus
785 1987 990 2034 unicuique
1012 1987 1186 2024 lacrimas
1202 1993 1444 2036 extorqueat.

161 2061 348 2099 Postremi
376 2066 508 2098 autem
536 2072 669 2097 versus
696 2060 933 2109 significant:
962 2061 1018 2100 Ut
1045 2061 1212 2110 primum
1237 2061 1446 2099 tumultum

161 2135 308 2172 audivit
345 2136 452 2184 vitis,
490 2137 573 2185 ipsa
600 2148 758 2184 quoque
784 2148 940 2185 crepare
966 2137 1113 2185 coepit,
1143 2137 1288 2174 dolium
1316 2143 1446 2178 autem

161 2223 387 2259 percussum
414 2212 468 2248 ira
495 2212 694 2248 incensum
722 2211 829 2249 alteri
856 2212 1108 2250 recalcitravit
1145 2220 1185 2250 et
1212 2225 1326 2250 nemo
1354 2219 1446 2258 erat,

160 2287 226 2335 qui
254 2286 464 2323 tumultum
494 2286 657 2331 sedaret,
682 2285 823 2324 haecce
847 2292 979 2324 autem
995 2285 1152 2338 (nempe
1166 2285 1263 2338 pax)
1278 2289 1445 2325 evanuit.

163 2361 287 2411 Apud
317 2362 497 2410 antiquos
521 2362 712 2399 doliorum
745 2361 876 2399 infima
910 2374 1010 2410 pars,
1046 2374 1146 2411 quae
1173 2368 1256 2400 erat
1279 2363 1449 2411 oblonga

161 2441 201 2474 et
238 2441 372 2482 acuta,
411 2436 495 2473 solo
533 2437 673 2474 infossa
710 2442 804 2474 erat.
838 2436 879 2474 Si
905 2438 991 2485 quis
1018 2443 1150 2475 autem
1178 2439 1242 2474 uni
1269 2438 1447 2484 illideret,
