1619 2759
786 113 833 152 Ι9

166 228 308 265 insulso
346 228 526 277 loquendi
553 239 693 276 genere
729 227 934 276 aliquando
964 229 1021 264 usi
1049 228 1185 265 fuerint
1211 228 1272 264 alii
1298 229 1445 265 comici.

166 301 328 340 Servum
358 303 618 340 clamitantem
646 302 878 340 inducebant
905 303 941 340 in
970 315 1144 348 scenam,

166 399 206 435 ἵν’
237 400 255 435 0‘
281 400 466 440 σύνδουλος
492 391 642 446 σκώψὸις
670 395 784 435 ἀὺτοῦ
810 398 879 440 τοὶς
907 399 1057 445 πληγὰς
1084 398 1149 436 εἶτ’
1179 397 1338 449 ἀνέροιτο

166 472 218 516 ,,ὦ
240 474 472 520 κακόδαιμον,
489 475 528 510 τί
553 472 594 510 τὸ
609 473 711 524 δέρμ’
741 472 889 519 ἔπαθες
915 476 992 520 μῶν
1006 473 1169 523 ὑστριχὶς
1190 471 1381 521 εἰσέβαλέν
1395 484 1446 509 σοι

166 546 201 589 ἐς
228 546 298 589 τὰς
325 547 482 598 πλευρὰς
510 550 624 594 πολλῇ
649 551 812 598 στρατιᾷ
839 546 1144 599 κάδενδροτόμησε
1173 548 1214 585 τὸ
1242 547 1397 592 νῶτον;“’

219 697 362 746 Frigidi
409 698 480 734 ioci
530 710 666 734 ansam
718 697 895 746 praebuit
936 697 1169 734 vocabulum
1214 697 1441 745 ambiguum

164 772 347 822 ὑστριχίς,
388 772 494 820 quod
536 777 575 808 et
618 772 815 821 flagellum
852 771 1041 820 significat
1068 777 1107 808 et
1134 771 1274 824 animal
1302 771 1444 809 aculeis

164 847 332 895 undique
355 847 534 901 horrens,
559 847 664 895 quod
689 847 866 883 novimus
889 858 1035 882 omnes.
1058 846 1144 882 Iure
1166 830 1297 882 autem
1313 851 1444 882 noster

161 920 308 958 deridet
359 921 565 958 dictionem
615 920 819 957 obscuram
871 926 910 957 et
958 919 1230 969 ampullatam,
1272 932 1350 968 qua
1389 931 1442 956 ex

162 996 305 1032 scutica
332 995 376 1032 fit
399 995 540 1032 animal
567 995 739 1032 muribus
761 995 960 1040 infestum,
985 994 1059 1032 hoc
1083 1001 1213 1032 autem
1235 995 1442 1043 derepente

162 1075 333 1106 mutatur
368 1070 404 1106 in
441 1069 595 1107 hostem
631 1069 874 1115 bellicosum,
909 1070 975 1118 qui
1005 1069 1134 1107 multis
1162 1069 1281 1118 copiis
1309 1069 1441 1106 miselli

161 1144 299 1181 servuli
335 1150 488 1193 tergum
515 1145 693 1182 invadere
720 1151 759 1182 et
787 1151 927 1182 cuncta
953 1145 1004 1181 ibi
1032 1157 1141 1181 urere
1168 1151 1286 1193 atque
1312 1156 1441 1181 secare

160 1219 307 1256 dicitur.
350 1219 515 1256 Tumide
556 1219 650 1257 haec
677 1220 801 1266 dicta,
839 1219 1027 1268 absurde,
1056 1231 1193 1268 parum
1221 1219 1437 1267 eleganter;

159 1305 396 1342 quamquam
439 1305 486 1330 ne
527 1294 653 1342 ipsum
690 1294 844 1342 quidem
883 1293 1185 1342 Aristophanem
1221 1294 1272 1330 ab
1308 1293 1438 1331 huius·

160 1369 263 1404 modi
291 1368 433 1405 facetiis
453 1368 613 1405 inficetis
638 1369 866 1409 abstinuisse
889 1369 985 1405 facili
1008 1369 1164 1416 negotio
1186 1369 1438 1405 demonstrari

159 1448 299 1490 potest.
328 1441 405 1479 Sed
433 1455 509 1479 non
538 1443 657 1480 nostri
685 1443 722 1479 id
749 1449 806 1480 est
836 1444 1065 1491 argumenti.

658 1704 924 1742 SIMIAE.

209 1809 331 1846 Estne
357 1809 458 1846 aliud
487 1810 629 1846 animal
656 1810 691 1845 in
721 1815 806 1847 toto
833 1810 926 1846 orbe
953 1815 1139 1846 terrarum
1167 1816 1248 1847 tarn
1276 1815 1412 1858 aptum
1426 1839 1434 1854 ‚

157 1895 204 1919 ne
229 1883 353 1920 dicam
381 1883 552 1931 dignum,
585 1883 690 1932 quod
718 1889 962 1932 comparetur
989 1896 1077 1920 cum
1104 1883 1285 1922 homine?
1311 1884 1436 1920 Immo

157 1969 250 1993 vero
291 1944 481 1994 interdum
523 1958 738 2006 appellatur
775 1957 895 1994 homo
938 1958 1080 2007 (orang
1111 1956 1279 2007 oetang).
1319 1958 1435 1994 Omni

156 2038 332 2082 tempore
372 2030 467 2069 haec
503 2032 710 2070 similitudo
737 2032 927 2082 displicuit
955 2032 1200 2081 mortalibus,
1229 2032 1295 2082 qui
1331 2031 1435 2070 haud

154 2107 316 2144 libenter
364 2107 460 2143 illius
496 2108 615 2155 partis
656 2114 815 2145 naturae
856 2120 967 2153 suae,
1010 2120 1110 2155 quae
1150 2113 1209 2144 est
1235 2107 1434 2154 bestiaria‚

154 2180 421 2218 admonentur.
458 2179 499 2218 Si
535 2181 686 2218 simiam
722 2181 809 2231 quis
835 2181 1004 2231 appellat
1032 2181 1251 2229 hominem,
1280 2188 1435 2220 strenue

155 2257 189 2293 ei
218 2256 317 2293 male
343 2256 444 2292 dicit.

206 2330 417 2368 Videamus
443 2343 521 2379 qua
549 2331 696 2368 ratione
723 2336 852 2369 noster
875 2337 1005 2370 utatur
1027 2332 1135 2369 simia
1157 2331 1206 2369 ad
1221 2322 1431 2378 ridendum,

152 2418 252 2454 quos
278 2406 388 2441 rideri
415 2405 508 2442 vult.
