1619 2759
803 109 847 149 17

174 229 240 276 qui
276 229 421 276 impetu
458 229 627 265 violento
655 230 890 266 incursantes
917 229 1065 265 aditum
1092 227 1341 265 interclusum
1370 239 1455 275 per-

176 303 336 351 fringere
364 309 561 340 conantur.

228 416 339 453 Initio
380 416 530 453 fabulae
567 416 785 465 Vesparum
821 416 939 454 veluti
978 416 1071 453 lanx
1105 415 1297 465 quaedam
1328 421 1457 453 satura

174 492 505 539 comparationum
528 504 579 528 ex
602 492 821 528 animalium
842 493 922 529 vita
936 492 1144 540 petitarum
1165 491 1275 527 nobis
1289 491 1455 528 offertur.

173 566 265 603 Inde
306 579 329 602 a
370 567 500 615 primis
541 566 667 603 verbis
707 566 858 603 fabulae
899 572 1015 615 poeta
1057 566 1306 603 deridendum
1346 566 1457 602 nobis

172 643 350 689 propinat
398 641 613 686 hominem,
659 653 775 689 quem
818 642 991 677 omniurn
1034 640 1253 676 mortalium
1292 641 1457 687 pessime

174 715 309 751 oderat
350 726 419 752 nec
460 726 647 763 umquam
689 715 848 751 missum
891 714 1012 751 facere
1052 714 1180 763 potuit
1214 720 1282 751 aut
1313 714 1454 760 voluit,

175 789 356 827 Cleonem
392 790 488 827 dico.
528 791 704 826 Iocorum
742 789 1002 826 aculeatorum
1039 789 1237 825 materiem
1277 790 1311 825 ei
1346 800 1455 837 prae-

175 864 302 901 buisse
324 865 474 901 videtur
496 864 655 901 Homeri
678 864 727 900 de
748 863 874 900 Protei
899 863 1081 912 gregibus
1100 850 1276 901 narratio.
1294 861 1453 914 (odyss.

174 940 243 977 IV.
272 952 328 976 vs.
356 937 465 990 442.)

225 1013 428 1050 Mirificum
458 1014 688 1049 insomnium
717 1025 830 1049 suum
855 1024 987 1048 servus
1011 1012 1181 1060 collegae
1203 1011 1306 1048 hisce
1328 1011 1453 1048 verbis

171 1094 321 1124 narrat:
570 1138 574 1141 .

436 1155 537 1201 ἔδοξέ
563 1168 623 1201 μοι
651 1155 729 1204 περὶ
754 1156 888 1203 πρῶτον
915 1153 1019 1189 ὕπνον
1047 1152 1082 1190 ἐν
1109 1155 1155 1199 τῇ
1183 1155 1286 1189 πυκνὶ

436 1227 681 1277 ἐκκλησιάζειν
709 1228 880 1279 πρόβατα
908 1226 1187 1275 συγκαθήμενα,

434 1304 639 1352 βακτηρίας
666 1305 804 1349 ἔχοντα
831 1304 896 1338 καῖ
920 1301 1102 1352 τριβώνια·

431 1378 590 1414 κᾶπειτα
617 1379 754 1419 τούτοις
782 1380 855 1419 τοῖς
883 1377 1094 1428 προβάτοισι
1120 1376 1281 1424 μούδόκει

434 1453 649 1502 δημηγορεῖν
677 1451 847 1499 φάλαινα
875 1453 1155 1501 πανδοκεύτρια,

431 1528 571 1573 ἔχουσα
599 1524 719 1573 φωνὴν
747 1525 1023 1576 ἐμπεπρημένης
1050 1527 1119 1568 ὑός.

218 1609 492 1656 Unusquisque
519 1608 703 1655 intellegit
729 1614 898 1655 poetam,
927 1608 1025 1645 sicut
1052 1620 1177 1656 saepe,
1207 1607 1268 1644 hic
1291 1621 1446 1656 quoque

165 1682 331 1719 alludere
367 1682 416 1719 acl
453 1688 619 1719 taetrum
655 1683 745 1719 corii
782 1683 960 1728 odorem,
988 1695 1067 1731 quo
1095 1682 1246 1720 Cleonis
1273 1683 1445 1720 officinae

165 1757 344 1805 oppletae
372 1762 499 1802 erant,
528 1769 645 1804 quem
673 1758 790 1804 ipsius
818 1769 974 1804 quoque
1001 1757 1239 1793 vestimentis
1254 1769 1444 1793 nonnum-

163 1843 282 1879 quam
334 1830 539 1868 inhaesisse
579 1831 756 1868 credibile
796 1836 875 1876 est,
926 1836 984 1868 est
1025 1831 1126 1867 enim
1167 1831 1442 1868 tenacissimus.

165 1904 287 1942 Simul
314 1906 455 1942 ridetur
482 1905 604 1942 forma
631 1911 671 1943 et
696 1905 852 1942 habitus
879 1906 958 1951 viri,
986 1906 1051 1953 qui
1074 1917 1209 1942 verum
1232 1911 1271 1943 et
1293 1912 1440 1944 rectum

164 1981 287 2028 magis
324 1992 442 2028 quam
478 1981 581 2017 vitae
617 1980 784 2017 cultioris
820 1993 977 2017 veneres
1003 1987 1042 2017 et
1077 1981 1262 2017 lenocinia
1289 1993 1441 2018 curasse

162 2061 201 2091 et
240 2055 343 2091 urbis
378 2066 471 2091 suae
510 2066 627 2102 quam
663 2055 889 2091 urbanitatis
916 2055 1106 2091 amantior
1132 2055 1245 2091 fuisse
1270 2055 1439 2101 videtur3

162 2129 304 2166 ridetur
332 2141 411 2165 vox
438 2129 518 2165 eius
541 2128 647 2166 fortis
670 2135 709 2166 et
731 2129 907 2165 facundia
929 2129 1156 2177 impetuosa,
1180 2142 1282 2177 quae
1302 2131 1440 2178 spretis

161 2203 359 2251 elegantiis
387 2203 564 2240 torrentis
592 2204 710 2240 instar
737 2203 869 2251 rapido
896 2215 1008 2239 cursu
1036 2203 1238 2241 ferebatur.
1447 2189 1451 2190 ⁷

779 2286 871 2321 παῦε
899 2286 1017 2328 παῦε,
1041 2285 1094 2332 μὴ
1122 2286 1225 2332 λέγε.

372 2357 444 2407 ὄζει
481 2359 649 2396 κάκιστον
685 2358 884 2396 τούνύπνιον
912 2358 1044 2410 βύρσης
1071 2362 1225 2410 σαπρᾶς.

160 2441 256 2478 alter
282 2441 498 2489 respondet.
