1619 2759
778 120 822 156 18

211 242 267 280 Ut
294 242 505 292 imaginem
533 242 740 279 foediorem
768 244 884 280 etiam
913 239 1107 289 redderet,
1135 249 1252 292 poeta
1274 256 1366 280 usus
1384 250 1443 281 est

157 316 326 354 dictione
364 318 510 356 ludicra
545 324 585 355 et
610 318 852 355 subabsurda
879 317 1050 366 Φάλαινα
1077 318 1352 369 πανδοκεύτριαε
1379 330 1445 355 een

158 390 450 440 vischwg'ffvan
462 404 528 430 een
542 391 744 429 walvisclz.
771 393 871 431 Cum
898 394 1024 435 verbis
1038 391 1159 440 φωνὴν
1172 392 1444 443 ἐμπεπρημένης

159 465 218 506 ὑός
246 478 429 515 compara
458 472 609 503 nostra:
638 466 701 514 lzij
724 466 941 505 schreeuwt
964 467 1027 504 als
1051 479 1117 504 een
1129 479 1266 514 magar
1277 466 1442 512 varken,

157 537 220 575 als
247 551 313 576 een
339 538 490 576 varken
516 539 586 576 dat
605 539 772 588 gekeeld
793 540 930 578 werdt.

678 784 916 821 APER.

212 880 254 916 In
297 891 464 928 paeane,
516 891 632 928 quem
672 880 848 917 Lacones
887 886 1046 918 cantant
1085 880 1179 928 Lys.
1221 892 1277 916 vs.
1324 887 1442 926 1254,

161 954 326 1002 legimus
353 953 467 991 haec:

474 1032 476 1036 ’
532 1035 610 1083 ἁμὲ
637 1035 669 1073 δ’
698 1035 746 1074 αὖ
774 1035 966 1078 Λεωνίδας

533 1100 629 1149 ἆγεν
655 1101 747 1154 ᾇπερ
775 1104 845 1145 τὼς
872 1103 1014 1154 κάπρως

532 1176 737 1224 θάγοντας,
766 1178 843 1220 οἰῶ,
871 1177 933 1214 τὸν
960 1176 1100 1214 ὀδόντα.

213 1259 269 1297 Cf.
307 1259 585 1308 lepidissimum
621 1258 727 1296 chori
768 1259 962 1296 canticum
999 1259 1036 1295 in
1063 1258 1192 1295 fabula
1219 1258 1437 1301 Ranarum.

160 1335 196 1370 in
225 1346 304 1382 quo
339 1346 495 1370 summo
523 1333 683 1371 artificio
711 1333 899 1381 Aeschyli
927 1333 1130 1370 sublimem
1160 1346 1206 1370 ac
1232 1332 1445 1381 dithyram-
1511 1334 1514 1341 '

160 1408 289 1445 bicum
330 1408 477 1457 stylum
491 1439 499 1452 ,
541 1409 734 1457 Euripidis
776 1414 909 1446 autem
946 1408 1126 1445 subtilem
1154 1420 1199 1445 ac
1227 1408 1442 1455 elegantem

158 1483 368 1524 dictionem
395 1484 566 1521 imitatur
592 1495 638 1520 ac
666 1483 829 1520 invicem
860 1488 1060 1531 comparat
1089 1488 1229 1519 noster.

213 1558 282 1594 Vs.
314 1558 392 1604 814
415 1557 464 1594 de
491 1541 692 1604 Aeschylo
719 1557 877 1594 dicitur:

346 1644 367 1692 ἦ
395 1659 461 1683 που
487 1645 596 1683 δεινὸν
623 1644 863 1697 ἐριβρεμέτας
893 1647 1005 1693 χόλον
1033 1643 1166 1682 ἔνδοθεν
1195 1644 1284 1692 ἕξει,

347 1723 433 1768 ἡνίκ’
463 1721 510 1758 ὀὲν
537 1722 716 1768 ὀξυλοὶλον
743 1722 873 1771 παρίδῃ
900 1719 1072 1767 θήγοντος
1097 1720 1224 1758 ὀδόντα

347 1794 579 1843 ἀντιτέχνου.
607 1801 680 1834 cet.

214 1884 458 1929 Terribilem,
496 1884 628 1928 credo,
658 1885 695 1920 in
723 1884 953 1932 praecordiis
981 1884 1076 1920 iram
1103 1883 1351 1920 vehementer
1377 1883 1446 1919 fre-

161 1970 270 1995 mens
299 1957 464 2004 fovebit,
493 1970 581 1995 cum
610 1958 869 1995 adversarium
898 1958 1034 1995 viderit
1060 1957 1261 2006 loquacem
1289 1957 1445 1994 dentem

160 2039 428 2070 exacuentem.

639 2239 967 2279 HYSTRIX.

214 2344 256 2380 In
299 2343 476 2392 parabasi
517 2345 624 2380 Pacis
666 2350 804 2393 poeta,
846 2357 925 2393 quo
962 2351 1075 2380 su'um
1103 2344 1221 2392 ipsius
1248 2343 1442 2392 ingenium

160 2418 406 2457 commendet
433 2420 737 2468 spectatoribus,
779 2427 906 2457 narrat
933 2432 1051 2468 quam
1079 2419 1212 2457 inflato
1239 2418 1443 2456 artificioso
